@article{Freitag2016,
  author    = {Markus Freitag and
               Yaser Al{-}Onaizan},
  title     = {Fast Domain Adaptation for Neural Machine Translation},
  journal   = {CoRR},
  volume    = {abs/1612.06897},
  year      = {2016},
}
@InProceedings{Chrupala2017,
  author = 	"Chrupa{\l}a, Grzegorz
		and Gelderloos, Lieke
		and Alishahi, Afra",
  title = 	"Representations of language in a model of visually grounded speech signal",
  booktitle = 	"Proceedings of the 55th Annual Meeting of the Association for      Computational Linguistics (Volume 1: Long Papers)    ",
  pages = 	"613--622",
}

@article{Graham2017, 
  title={Can machine translation systems be evaluated by the crowd alone}, 
  volume={23}, 
  number={1}, 
  journal={Natural Language Engineering}, 
  publisher={Cambridge University Press}, 
  author={Graham, Yvette and Baldwin, Timothy and Moffat, Alistair and Zobel, Justin}, 
  year={2017}, 
  pages={3–30}
}


@InProceedings{Elliott2017,
  author    = {Elliott, Desmond  and  Frank, Stella  and  Barrault, Lo\"{i}c  and  Bougares, Fethi  and  Specia, Lucia},
  title     = {Findings of the Second Shared Task on Multimodal Machine Translation and Multilingual Image Description},
  booktitle = {Proceedings of the Second Conference on Machine Translation, Volume 2: Shared Task Papers},
  month     = {September},
  year      = {2017},
  address   = {Copenhagen, Denmark},
  publisher = {Association for Computational Linguistics},
  pages     = {215--233},
}


@article{Vendrov2016,
  title={Order-embeddings of images and language},
  author={Vendrov, Ivan and Kiros, Ryan and Fidler, Sanja and Urtasun, Raquel},
  journal={ICLR},
  year={2016}
}

@article{Schuster1997,
  title={Bidirectional recurrent neural networks},
  author={Schuster, Mike and Paliwal, Kuldip K},
  journal={IEEE Transactions on Signal Processing},
  volume={45},
  number={11},
  pages={2673--2681},
  year={1997},
}

@article{Klejch2015,
  title={MT-ComparEval: Graphical evaluation interface for Machine Translation development},
  author={Klejch, Ond{\v{r}}ej and Avramidis, Eleftherios and Burchardt, Aljoscha and Popel, Martin},
  journal={The Prague Bulletin of Mathematical Linguistics},
  volume={104},
  number={1},
  pages={63--74},
  year={2015}
}

@InProceedings{Sennrich2016b,
  author    = {Sennrich, Rico  and  Haddow, Barry  and  Birch, Alexandra},
  title     = {Improving Neural Machine Translation Models with Monolingual Data},
  booktitle = {Proceedings of the 54th Annual Meeting of the Association for Computational Linguistics},
  year      = {2016},
  pages     = {86--96},
}

@ARTICLE{Sennrich2017,
   author = {{Sennrich}, R. and {Firat}, O. and {Cho}, K. and {Birch}, A. and 
	{Haddow}, B. and {Hitschler}, J. and {Junczys-Dowmunt}, M. and 
	{L{\"a}ubli}, S. and {Valerio Miceli Barone}, A. and {Mokry}, J. and 
	{N{\u a}dejde}, M.},
    title = "{Nematus: a Toolkit for Neural Machine Translation}",
  booktitle = {Proceedings of the Software Demonstrations of the 15th Conference of the European Chapter of the Association for Computational Linguistics},
  pages     = {65--68},
     year = 2017,
}

@InProceedings{Gelderloos2016,
  author    = {Gelderloos, Lieke  and  Chrupa{\l}a, Grzegorz},
  title     = {From phonemes to images: levels of representation in a recurrent neural model of visually-grounded language learning},
  booktitle = {Proceedings of COLING 2016, the 26th International Conference on Computational Linguistics},
  year      = {2016},
  pages     = {1309--1319}
}


@InProceedings{Cummins2016,
  author    = {Cummins, Ronan  and  Zhang, Meng  and  Briscoe, Ted},
  title     = {Constrained Multi-Task Learning for Automated Essay Scoring},
  booktitle = {Proceedings of the 54th Annual Meeting of the Association for Computational Linguistics (Volume 1: Long Papers)},
  year      = {2016},
  pages     = {789--799},
}

@InProceedings{Firat2016,
  author    = {Firat, O.  and  Cho, K.  and  Bengio, Y.},
  title     = {Multi-Way, Multilingual Neural Machine Translation with a Shared Attention Mechanism},
  booktitle = {Proceedings of the 2016 Conference of the North American Chapter of the Association for Computational Linguistics: Human Language Technologies},
  year      = {2016},
  pages     = {866--875},
}


@inproceedings{Schuster2012,
  title={Japanese and korean voice search},
  author={Schuster, Mike and Nakajima, Kaisuke},
  booktitle={2012 IEEE International Conference on Acoustics, Speech and Signal Processing (ICASSP)},
  pages={5149--5152},
  year={2012},
}

@InProceedings{Tiedemann2012,
  author = {Jörg Tiedemann},
  title = {Parallel Data, Tools and Interfaces in OPUS},
  booktitle = {Eight International Conference on Language Resources and Evaluation (LREC'12)},
  year = {2012},
}

@article{Chen2015,
  author    = {Xinlei Chen and
               Hao Fang and
               Tsung{-}Yi Lin and
               Ramakrishna Vedantam and
               Saurabh Gupta and
               Piotr Doll{\'{a}}r and
               C. Lawrence Zitnick},
  title     = {Microsoft {COCO} Captions: Data Collection and Evaluation Server},
  journal   = {CoRR},
  volume    = {abs/1504.00325},
  year      = {2015}
}

@article{Nakayama2016,
  author    = {Hideki Nakayama and
               Noriki Nishida},
  title     = {Zero-resource Machine Translation by Multimodal Encoder-decoder Network
               with Multimedia Pivot},
  journal={Machine Translation},
  volume={31},
  number={1-2},
  pages={49--64},
  year={2017},
}

@inproceedings{zhang2016variational,
  title={Variational Neural Machine Translation}, 
  author    = {Zhang, Biao  and  Xiong, Deyi  and  su, jinsong  and  Duan, Hong  and  Zhang, Min},
  booktitle = {Proceedings of the 2016 Conference on Empirical Methods in Natural Language Processing},
  year      = {2016},
  pages     = {521--530},
}

@article{Caruana1997,
author="Caruana, Rich",
title="Multitask Learning",
journal="Machine Learning",
year="1997",
volume="28",
number="1",
pages="41--75"
}

@inproceedings{Plank2016,
  title={Keystroke dynamics as signal for shallow syntactic parsing},
  author={Plank, Barbara},
  booktitle={26th International Conference on Computational Linguistics},
  year={2016},
  pages={609--619}
}

@inproceedings{Pasunuru2017,
   author = {{Pasunuru}, R. and {Bansal}, M.},
    title = "{Multi-Task Video Captioning with Video and Entailment Generation}",
  booktitle = 	"Proceedings of the 55th Annual Meeting of the Association for Computational Linguistics (Volume 1: Long Papers)",
  pages = 	"1273--1283",
     year = 2017,
}

@inproceedings{Collell2017,
  title={Imagined visual representations as multimodal embeddings},
  author={Collell, Guillem and Zhang, Teddy and Moens, Marie-Francine},
  booktitle={Proceedings of the Thirty-First AAAI Conference on Artificial Intelligence (AAAI-17)},
  year={2017},
  pages={4378--4384}
}

@inproceedings{Srivastava2015,
  title={{Unsupervised learning of video representations using LSTMs}},
  author={Srivastava, Nitish and Mansimov, Elman and Salakhudinov, Ruslan},
  booktitle={International Conference on Machine Learning},
  pages={843--852},
  year={2015}
}

@InProceedings{Klerke2016,
  author    = {Klerke, Sigrid  and  Goldberg, Yoav  and  S{\o}gaard, Anders},
  title     = {Improving sentence compression by learning to predict gaze},
  booktitle = {Proceedings of the 2016 Conference of the North American Chapter of the Association for Computational Linguistics: Human Language Technologies},
  year      = {2016},
  pages     = {1528--1533},
}

@article{Kadar2016,
  title={Representation of linguistic form and function in recurrent neural networks},
  author={K{\'a}d{\'a}r, Akos and Chrupa{\l}a, Grzegorz and Alishahi, Afra},
  journal={arXiv preprint arXiv:1602.08952},
  year={2016}
}


@InProceedings{He2016,
author = {He, Kaiming and Zhang, Xiangyu and Ren, Shaoqing and Sun, Jian},
title = {Deep Residual Learning for Image Recognition},
booktitle = {The IEEE Conference on Computer Vision and Pattern Recognition (CVPR)},
year = {2016},
pages = {770--778}
}

@inproceedings{Bingel2017,
   author = {{Bingel}, J. and {S{\o}gaard}, A.},
    title = "{Identifying beneficial task relations for multi-task learning in deep neural networks}",
    booktitle = {Proceedings of the 15th Conference of the European Chapter of the Association for Computational Linguistics},
  year      = {2017},
  pages     = {164--169}
}

@InProceedings{Dong2015,
  author    = {Dong, D.  and  Wu, H.  and  He, W.  and  Yu, D.  and  Wang, H.},
  title     = {Multi-Task Learning for Multiple Language Translation},
  booktitle = {Proceedings of the 53rd Annual Meeting of the Association for Computational Linguistics and the 7th International Joint Conference on Natural Language Processing},
  year      = {2015},
  pages     = {1723--1732},
}


@InProceedings{Saha2016,
  author    = {Saha, Amrita  and  Khapra, Mitesh M.  and  Chandar, Sarath  and  Rajendran, Janarthanan  and  Cho, Kyunghyun},
  title     = {A Correlational Encoder Decoder Architecture for Pivot Based Sequence Generation},
  booktitle = {26th International Conference on Computational Linguistics: Technical Papers},
  year      = {2016},
  pages     = {109--118},
}

@InProceedings{Rajendran2016,
  author    = {Rajendran, Janarthanan  and  Khapra, Mitesh M.  and  Chandar, Sarath  and  Ravindran, Balaraman},
  title     = {Bridge Correlational Neural Networks for Multilingual Multimodal Representation Learning},
  booktitle = {Proceedings of the 2016 Conference of the North American Chapter of the Association for Computational Linguistics: Human Language Technologies},
  month     = {June},
  year      = {2016},
  address   = {San Diego, California},
  publisher = {Association for Computational Linguistics},
  pages     = {171--181},
  url       = {http://www.aclweb.org/anthology/N16-1021}
}

@inproceedings{Jabri2016,
  author    = {Allan Jabri and
               Armand Joulin and
               Laurens van der Maaten},
  title     = {Revisiting Visual Question Answering Baselines},
  booktitle={European conference on computer vision},
    pages={727--739},
  year      = {2016},
}

@inproceedings{Goodfellow2014,
  title={Generative adversarial nets},
  author={Goodfellow, Ian and Pouget-Abadie, Jean and Mirza, Mehdi and Xu, Bing and Warde-Farley, David and Ozair, Sherjil and Courville, Aaron and Bengio, Yoshua},
  booktitle={Advances in neural information processing systems},
  pages={2672--2680},
  year={2014}
}

@inproceedings{Calixto2017b,
  author    = {Iacer Calixto and
               Qun Liu},
  title     = {Incorporating Global Visual Features into Attention-Based Neural Machine
               Translation},
  booktitle = 	"Proceedings of the 2017 Conference on Empirical Methods in Natural Language Processing",
  year      = {2017},
  pages = 	"1003--1014"
}

@inproceedings{Calixto2017c,
  author    = {Iacer Calixto and
               Qun Liu and
               Nick Campbell},
    title = "{Doubly-Attentive Decoder for Multi-modal Neural Machine Translation}",
  booktitle = 	"Proceedings of the 55th Annual Meeting of the Association for Computational Linguistics (Volume 1: Long Papers)",
  pages = 	"1913--1924",
  year = 2017
}

@article{Caglayan2016b,
  author    = {Ozan Caglayan and
               Lo{\"{\i}}c Barrault and
               Fethi Bougares},
  title     = {Multimodal Attention for Neural Machine Translation},
  journal   = {CoRR},
  volume    = {abs/1609.03976},
  year      = {2016},
}

@inproceedings{Sennrich2014,
  title={Zmorge: A German Morphological Lexicon Extracted from Wiktionary.},
  author={Sennrich, Rico and Kunz, Beat},
  booktitle={Language Resources and Evaluation Conference},
  year={2014},
  pages={1063--1067}
}

@inproceedings{Kiela2016,
  author = {Douwe Kiela and Anita L. Ver\H{o} and Stephen Clark},
  title = {{Comparing Data Sources and Architectures for Deep Visual Representation Learning in Semantics}},
  year = 2016,
  booktitle = {{Proceedings of the Conference on Empirical Methods in Natural Language Processing (EMNLP-16)}},
  pages     = {447--456},
}

@incollection{Gal2016,
title = {A Theoretically Grounded Application of Dropout in Recurrent Neural Networks},
author = {Gal, Yarin and Ghahramani, Zoubin},
booktitle = {Advances in Neural Information Processing Systems 29},
pages = {1019--1027},
year = {2016},
}


@article{Szegedy2015,
  author    = {Christian Szegedy and
               Vincent Vanhoucke and
               Sergey Ioffe and
               Jonathon Shlens and
               Zbigniew Wojna},
  title     = {Rethinking the Inception Architecture for Computer Vision},
  journal   = {CoRR},
  volume    = {abs/1512.00567},
  year      = {2015}
}

@article{Bernardi2016,
	Author = {Bernardi, Raffaella and Cakici, Ruket and Elliott, Desmond and Erdem, Aykut and Erdem, Erkut and Ikizler-Cinbis, Nazli and Keller, Frank and Muscat, Adrian and Plank, Barbara},
	Date-Added = {2016-07-04 12:28:43 +0000},
	Date-Modified = {2016-07-04 12:28:43 +0000},
	Journal = {Journal of Artificial Intelligence Research},
	Pages = {409--442},
	Title = {Automatic description generation from images: A survey of models, datasets, and evaluation measures},
	Volume = {55},
	Year = {2016}}
@article{Hodosh2013,
  title={Framing image description as a ranking task: Data, models and evaluation metrics},
  author={Hodosh, Micah and Young, Peter and Hockenmaier, Julia},
  journal={Journal of Artificial Intelligence Research},
  volume={47},
  pages={853--899},
  year={2013}
}
@article{Kingma2015,
  author    = {Diederik P. Kingma and
               Jimmy Ba},
  title     = {Adam: {A} Method for Stochastic Optimization},
  journal   = {International Conference on Learning Representations},
  year      = {2015},
}
@inproceedings{Xu2015,
  title={Show, Attend and Tell: Neural Image Caption Generation with Visual Attention},
  author={Xu, Kelvin and Ba, Jimmy and Kiros, Ryan and Cho, Kyunghyun and Courville, Aaron and Salakhudinov, Ruslan and Zemel, Rich and Bengio, Yoshua},
  booktitle={Proceedings of The 32nd International Conference on Machine Learning},
  pages={2048--2057},
  year={2015}
}

@InProceedings{Specia2016,
  author    = {Specia, Lucia  and  Frank, Stella  and  Sima'an, Khalil  and  Elliott, Desmond},
  title     = {A Shared Task on Multimodal Machine Translation and Crosslingual Image Description},
  booktitle = {Proceedings of the First Conference on Machine Translation},
  year      = {2016},
  pages     = {543--553},
}
@inproceedings{Fritzinger2010,
  title={How to avoid burning ducks: Combining linguistic analysis and corpus statistics for German compound processing},
  author={Fritzinger, Fabienne and Fraser, Alexander},
  booktitle={Proceedings of the Joint Fifth Workshop on Statistical Machine Translation and MetricsMATR},
  pages={224--234},
  year={2010},
  organization={Association for Computational Linguistics}
}
@inproceedings{Lin2015,
  title={Don't just listen, use your imagination: Leveraging visual common sense for non-visual tasks},
  author={Lin, Xiao and Parikh, Devi},
  booktitle={Proceedings of the IEEE Conference on Computer Vision and Pattern Recognition},
  pages={2984--2993},
  year={2015}
}
@inproceedings{Bahdanau2015,
  author    = {Dzmitry Bahdanau and
               Kyunghyun Cho and
               Yoshua Bengio},
  title     = {Neural Machine Translation by Jointly Learning to Align and Translate},
  booktitle = {International Conference on Learning Representations},
  year      = {2015}
}
@InProceedings{Sennrich2016,
  author    = {Sennrich, Rico  and  Haddow, Barry  and  Birch, Alexandra},
  title     = {Edinburgh Neural Machine Translation Systems for WMT 16},
  booktitle = {Proceedings of the First Conference on Machine Translation},
  month     = {August},
  year      = {2016},
  address   = {Berlin, Germany},
  publisher = {Association for Computational Linguistics},
  pages     = {371--376},
}
@InProceedings{Chrupala2015,
  author    = {Chrupa{\l}a, Grzegorz  and  K\'{a}d\'{a}r, \'{A}kos  and  Alishahi, Afra},
  title     = {Learning language through pictures},
  booktitle = {Proceedings of the 53rd Annual Meeting of the Association for Computational Linguistics and the 7th International Joint Conference on Natural Language Processing},
  year      = {2015},
  pages     = {112--118},
}

@inproceedings{Papineni:2002:BMA:1073083.1073135,
 author = {Papineni, Kishore and Roukos, Salim and Ward, Todd and Zhu, Wei-Jing},
 title = {BLEU: A Method for Automatic Evaluation of Machine Translation},
 booktitle = {Proceedings of the 40th Annual Meeting on Association for Computational Linguistics},
 year = {2002},
 pages = {311--318},
}
@InProceedings{denkowski:lavie:meteor-wmt:2014,
  author    = {Michael Denkowski and Alon Lavie},
  title     = {Meteor Universal: Language Specific Translation Evaluation for Any Target Language},
  booktitle = {Proceedings of the EACL 2014 Workshop on Statistical Machine Translation},
  year      = {2014},
}
@Inproceedings{ElliottFrankSimaanSpecia2016,
  author = 	 "Elliott, Desmond and Frank, Stella and Sima'an, Khalil. and Specia, Lucia",
  title = 	 "{{Multi30K}:  Multilingual English-German Image Descriptions}",
  booktitle = "Proceedings of the 5th Workshop on Vision and Language",
  year = 	 "2016",
}

@Inproceedings{Hitschler2016,
  author = 	 "Julian Hitschler and Shigehiko Schamoni and Stefan Riezler",
  title = 	 "{Multimodal Pivots for Image Caption Translation}",
  booktitle = "Proceedings of the 54th Annual Meeting of the Association for Computational Linguistics",
  year = 	 "2016",
  pages     = {2399--2409},
}
@article{ElliottFrankHasler2015,
  author    = {Desmond Elliott and
               Stella Frank and
               Eva Hasler},
  title     = {Multi-Language Image Description with Neural Sequence Models},
  journal   = {CoRR},
  volume    = {abs/1510.04709},
  year      = {2015}
}
@InProceedings{Simonyan2015,
  author    = {Karen Simonyan and
               Andrew Zisserman},
  title     = {Very Deep Convolutional Networks for Large-Scale Image Recognition},
  booktitle = {Proceedings of the International Conference on Learning Representations},
  year      = {2015},
}
@article{Cho2014,
  title={{Learning phrase representations using RNN encoder-decoder for statistical machine translation}},
  author={Cho, K. and Van Merri{\"e}nboer, B. and Gulcehre, C. and Bahdanau, D. and Bougares, F. and Schwenk, H. and Bengio, Y.},
  booktitle = {Proceedings of the 2014 Conference on Empirical Methods in Natural Language Processing (EMNLP)},
 year={2014},
 pages     = {1724--1734}
}

@article{toyama2016neural,
  title={Neural Machine Translation with Latent Semantic of Image and Text},
  author={Toyama, Joji and Misono, Masanori and Suzuki, Masahiro and Nakayama, Kotaro and Matsuo, Yutaka},
  journal={CoRR},
  volume = {abs/1611.08459},
  year={2016}
}

@InProceedings{Caglayan2016,
  author    = {Caglayan, Ozan  and  Aransa, Walid  and  Wang, Yaxing  and  Masana, Marc  and  Garc\'{i}a-Mart\'{i}nez, Mercedes  and  Bougares, Fethi  and  Barrault, Lo\"{i}c  and  van de Weijer, Joost},
  title     = {Does Multimodality Help Human and Machine for Translation and Image Captioning?},
  booktitle = {Proceedings of the First Conference on Machine Translation},
  year      = {2016},
  pages     = {627--633},
}

@InProceedings{Libovicky2016,
  author    = {Libovick\'{y}, Jind\v{r}ich  and  Helcl, Jind\v{r}ich  and  Tlust\'{y}, Marek  and  Bojar, Ond\v{r}ej  and  Pecina, Pavel},
  title     = {CUNI System for WMT16 Automatic Post-Editing and Multimodal Translation Tasks},
  booktitle = {Proceedings of the First Conference on Machine Translation},
  year      = {2016},
  pages     = {646--654},
}

@InProceedings{Shah2016,
  author    = {Shah, Kashif  and  Wang, Josiah  and  Specia, Lucia},
  title     = {SHEF-Multimodal: Grounding Machine Translation on Images},
  booktitle = {Proceedings of the First Conference on Machine Translation},
  year      = {2016},
  pages     = {660--665},
}

@InProceedings{Calixto2016,
  author    = {Calixto, Iacer  and  Elliott, Desmond  and  Frank, Stella},
  title     = {{DCU-UvA Multimodal MT System Report}},
  booktitle = {Proceedings of the First Conference on Machine Translation},
  year      = {2016},
  pages     = {634--638},
}

@InProceedings{Huang2016,
  author    = {Huang, Po-Yao  and  Liu, Frederick  and  Shiang, Sz-Rung  and  Oh, Jean  and  Dyer, Chris},
  title     = {Attention-based Multimodal Neural Machine Translation},
  booktitle = {Proceedings of the First Conference on Machine Translation},
  year      = {2016},
  pages     = {639--645},
}

@inproceedings{Koehn2007,
  title={Moses: Open source toolkit for statistical machine translation},
  author={Koehn, Philipp and Hoang, Hieu and Birch, Alexandra and Callison-Burch, Chris and Federico, Marcello and Bertoldi, Nicola and Cowan, Brooke and Shen, Wade and Moran, Christine and Zens, Richard and others},
  booktitle={Proceedings of the 45th Annual meeting of Association for Computational Linguistics},
  pages={177--180},
  year={2007},
}

@inproceedings{Luong2016,
  author    = {Minh{-}Thang Luong and
               Quoc V. Le and
               Ilya Sutskever and
               Oriol Vinyals and
               Lukasz Kaiser},
  title     = {Multi-task Sequence to Sequence Learning},
  booktitle = {ICLR},
  year      = {2016},
}
