%% This BibTeX bibliography file was created using BibDesk.
%% http://bibdesk.sourceforge.net/



%%% REFS FOR INTRO

@inproceedings{kadar2018lessons,
  title={Lessons Learned in Multilingual Grounded Language Learning},
    author={K{\'a}d{\'a}r, {\'A}kos and Elliott, Desmond and C{\^o}t{\.e}, Marc-Alexandre and Chrupa{\l}a, Grzegorz and Alishahi, Afra},
	  booktitle={Proceedings of the 22nd Conference on Computational Natural Language Learning},
	    pages={402--412},
		  year={2018}
}


@article{devlin2018bert,
  title={BERT: Pre-training of Deep Bidirectional Transformers for Language Understanding},
  author={Devlin, Jacob and Chang, Ming-Wei and Lee, Kenton and Toutanova, Kristina},
  journal={arXiv preprint arXiv:1810.04805},
  year={2018}
}

@article{dempster1977maximum,
  title={Maximum likelihood from incomplete data via the EM algorithm},
  author={Dempster, Arthur P and Laird, Nan M and Rubin, Donald B},
  journal={Journal of the royal statistical society. Series B (methodological)},
  pages={1--38},
  year={1977},
  publisher={JSTOR}
}


@article{hochreiter1997long,
  title={Long short-term memory},
  author={Hochreiter, Sepp and Schmidhuber, J{\"u}rgen},
  journal={Neural computation},
  volume={9},
  number={8},
  pages={1735--1780},
  year={1997},
  publisher={MIT Press}
}

@article{gers1999learning,
  title={Learning to forget: Continual prediction with LSTM},
  author={Gers, Felix A and Schmidhuber, J{\"u}rgen and Cummins, Fred},
  year={1999},
  publisher={IET}
}

@article{cho2014learning,
  title={Learning phrase representations using RNN encoder-decoder for statistical machine translation},
  author={Cho, Kyunghyun and Van Merri{\"e}nboer, Bart and Gulcehre, Caglar and Bahdanau, Dzmitry and Bougares, Fethi and Schwenk, Holger and Bengio, Yoshua},
  journal={arXiv preprint arXiv:1406.1078},
  year={2014}
}


@article{blei2003latent,
  title={Latent dirichlet allocation},
  author={Blei, David M and Ng, Andrew Y and Jordan, Michael I},
  journal={Journal of machine Learning research},
  volume={3},
  number={Jan},
  pages={993--1022},
  year={2003}
}




@inproceedings{binder2016layer,
  title={Layer-wise relevance propagation for neural networks with local renormalization layers},
  author={Binder, Alexander and Montavon, Gr{\'e}goire and Lapuschkin, Sebastian and M{\"u}ller, Klaus-Robert and Samek, Wojciech},
  booktitle={International Conference on Artificial Neural Networks},
  pages={63--71},
  year={2016},
  organization={Springer}
}

@article{shrikumar2017learning,
  title={Learning important features through propagating activation differences},
  author={Shrikumar, Avanti and Greenside, Peyton and Kundaje, Anshul},
  journal={arXiv preprint arXiv:1704.02685},
  year={2017}
}


@article{arras2017explaining,
  title={Explaining recurrent neural network predictions in sentiment analysis},
  author={Arras, Leila and Montavon, Gr{\'e}goire and M{\"u}ller, Klaus-Robert and Samek, Wojciech},
  journal={arXiv preprint arXiv:1706.07206},
  year={2017}
}

@inproceedings{ribeiro2016should,
  title={Why should i trust you?: Explaining the predictions of any classifier},
  author={Ribeiro, Marco Tulio and Singh, Sameer and Guestrin, Carlos},
  booktitle={Proceedings of the 22nd ACM SIGKDD international conference on knowledge discovery and data mining},
  pages={1135--1144},
  year={2016},
  organization={ACM}
}

@inproceedings{poerner2018evaluating,
  title={Evaluating neural network explanation methods using hybrid documents and morphosyntactic agreement},
  author={Poerner, Nina and Sch{\"u}tze, Hinrich and Roth, Benjamin},
  booktitle={Proceedings of the 56th Annual Meeting of the Association for Computational Linguistics (Volume 1: Long Papers)},
  volume={1},
  pages={340--350},
  year={2018}
}

@article{li2016understanding,
  title={Understanding neural networks through representation erasure},
  author={Li, Jiwei and Monroe, Will and Jurafsky, Dan},
  journal={arXiv preprint arXiv:1612.08220},
  year={2016}
}

@article{bernardy2017using,
  title={Using Deep Neural Networks to Learn Syntactic Agreement},
  author={Bernardy, Jean-Philippe and Lappin, Shalom},
  journal={LiLT (Linguistic Issues in Language Technology)},
  volume={15},
  year={2017}
}

@article{enguehard2017exploring,
  title={Exploring the syntactic abilities of RNNs with multi-task learning},
  author={Enguehard, Emile and Goldberg, Yoav and Linzen, Tal},
  journal={arXiv preprint arXiv:1706.03542},
  year={2017}
}

@article{gulordava2018colorless,
  title={Colorless green recurrent networks dream hierarchically},
  author={Gulordava, Kristina and Bojanowski, Piotr and Grave, Edouard and Linzen, Tal and Baroni, Marco},
  journal={arXiv preprint arXiv:1803.11138},
  year={2018}
}


@article{bock1991broken,
  title={Broken agreement},
  author={Bock, Kathryn and Miller, Carol A},
  journal={Cognitive psychology},
  volume={23},
  number={1},
  pages={45--93},
  year={1991},
  publisher={Elsevier}
}

@article{linzen2016assessing,
  title={Assessing the ability of LSTMs to learn syntax-sensitive dependencies},
  author={Linzen, Tal and Dupoux, Emmanuel and Goldberg, Yoav},
  journal={arXiv preprint arXiv:1611.01368},
  year={2016}
}

@article{williams1995gradient,
  title={Gradient-based learning algorithms for recurrent networks and their computational complexity},
  author={Williams, Ronald J and Zipser, David},
  journal={Backpropagation: Theory, architectures, and applications},
  volume={1},
  pages={433--486},
  year={1995},
  publisher={Lawrence Erlbaum Publ}
}

@article{mikolov2012statistical,
  title={Statistical language models based on neural networks},
  author={Mikolov, Tom{\'a}{\v{s}}},
  journal={Presentation at Google, Mountain View, 2nd April},
  year={2012}
}

@article{mikolov2013efficient,
  title={Efficient estimation of word representations in vector space},
  author={Mikolov, Tomas and Chen, Kai and Corrado, Greg and Dean, Jeffrey},
  journal={arXiv preprint arXiv:1301.3781},
  year={2013}
}

@inproceedings{pennington2014glove,
  title={Glove: Global vectors for word representation},
  author={Pennington, Jeffrey and Socher, Richard and Manning, Christopher},
  booktitle={Proceedings of the 2014 conference on empirical methods in natural language processing (EMNLP)},
  pages={1532--1543},
  year={2014}
}


@article{quinn1993evidence,
  title={Evidence for representations of perceptually similar natural categories by 3-month-old and 4-month-old infants},
  author={Quinn, Paul C and Eimas, Peter D and Rosenkrantz, Stacey L},
  journal={Perception},
  volume={22},
  number={4},
  pages={463--475},
  year={1993},
  publisher={SAGE Publications Sage UK: London, England}
}

@article{bornstein2004cross,
  title={Cross-linguistic analysis of vocabulary in young children: Spanish, Dutch, French, Hebrew, Italian, Korean, and American English},
  author={Bornstein, Marc H and Cote, Linda R and Maital, Sharone and Painter, Kathleen and Park, Sung-Yun and Pascual, Liliana and P{\^e}cheux, Marie-Germaine and Ruel, Josette and Venuti, Paola and Vyt, Andre},
  journal={Child Development},
  volume={75},
  number={4},
  pages={1115--1139},
  year={2004},
  publisher={Wiley Online Library}
}


@article{landau1998object,
  title={Object perception and object naming in early development},
  author={Landau, Barbara and Smith, Linda and Jones, Susan},
  journal={Trends in cognitive sciences},
  volume={2},
  number={1},
  pages={19--24},
  year={1998},
  publisher={Elsevier}
}

@article{yu2005emergence,
  title={The emergence of links between lexical acquisition and object categorization: A computational study},
  author={Yu, Chen},
  journal={Connection science},
  volume={17},
  number={3-4},
  pages={381--397},
  year={2005},
  publisher={Taylor \& Francis}
}

@article{roy2002learning,
  title={Learning visually grounded words and syntax for a scene description task},
  author={Roy, Deb K},
  journal={Computer speech \& language},
  volume={16},
  number={3-4},
  pages={353--385},
  year={2002},
  publisher={Elsevier}
}


@inproceedings{lowe1999object,
  title={Object recognition from local scale-invariant features},
  author={Lowe, David G},
  booktitle={Computer vision, 1999. The proceedings of the seventh IEEE international conference on},
  volume={2},
  pages={1150--1157},
  year={1999},
  organization={Ieee}
}

@inproceedings{csurka2004visual,
  title={Visual categorization with bags of keypoints},
  author={Csurka, Gabriella and Dance, Christopher and Fan, Lixin and Willamowski, Jutta and Bray, C{\'e}dric},
  booktitle={Workshop on statistical learning in computer vision, ECCV},
  volume={1},
  number={1-22},
  pages={1--2},
  year={2004},
  organization={Prague}
}


@inproceedings{leong2011going,
  title={Going beyond text: A hybrid image-text approach for measuring word relatedness},
  author={Leong, Chee Wee and Mihalcea, Rada},
  booktitle={Proceedings of 5th International Joint Conference on Natural Language Processing},
  pages={1403--1407},
  year={2011}
}

@article{perfetti1998limits,
  title={The limits of co-occurrence: Tools and theories in language research},
  author={Perfetti, Charles A},
  year={1998},
  publisher={Taylor \& Francis}
}

@article{meteyard2008role,
  title={The role of sensory and motor information in semantic representation: A review},
  author={Meteyard, Lotte and Vigliocco, Gabriella},
  journal={Handbook of cognitive science: An embodied approach},
  pages={293--312},
  year={2008}
}

@article{meteyard2012coming,
  title={Coming of age: A review of embodiment and the neuroscience of semantics},
  author={Meteyard, Lotte and Cuadrado, Sara Rodriguez and Bahrami, Bahador and Vigliocco, Gabriella},
  journal={Cortex},
  volume={48},
  number={7},
  pages={788--804},
  year={2012},
  publisher={Elsevier}
}

@inproceedings{leong2011measuring,
  title={Measuring the semantic relatedness between words and images},
  author={Leong, Chee Wee and Mihalcea, Rada},
  booktitle={Proceedings of the Ninth International Conference on Computational Semantics},
  pages={185--194},
  year={2011},
  organization={Association for Computational Linguistics}
}

@inproceedings{oquab2014learning,
  title={Learning and transferring mid-level image representations using convolutional neural networks},
  author={Oquab, Maxime and Bottou, Leon and Laptev, Ivan and Sivic, Josef},
  booktitle={Proceedings of the IEEE conference on computer vision and pattern recognition},
  pages={1717--1724},
  year={2014}
}

@inproceedings{lazaridou2016multimodal,
  title={Multimodal semantic learning from child-directed input},
  author={Lazaridou, Angeliki and Chrupa{\l}a, Grzegorz and Fern{\'a}ndez, Raquel and Baroni, Marco},
  booktitle={Proceedings of the 2016 Conference of the North American Chapter of the Association for Computational Linguistics: Human Language Technologies},
  pages={387--392},
  year={2016}
}

@book{macwhinney2014childes,
  title={The CHILDES project: Tools for analyzing talk, Volume II: The database},
  author={MacWhinney, Brian},
  year={2014},
  publisher={Psychology Press}
}

@article{lazaridou2017multimodal,
  title={Multimodal word meaning induction from minimal exposure to natural text},
  author={Lazaridou, Angeliki and Marelli, Marco and Baroni, Marco},
  journal={Cognitive science},
  volume={41},
  pages={677--705},
  year={2017},
  publisher={Wiley Online Library}
}


@article{elman1991distributed,
  title={Distributed representations, simple recurrent networks, and grammatical structure},
  author={Elman, Jeffrey L},
  journal={Machine learning},
  volume={7},
  number={2-3},
  pages={195--225},
  year={1991},
  publisher={Springer}
}

@article{hochreiter1997long,
  title={Long short-term memory},
  author={Hochreiter, Sepp and Schmidhuber, J{\"u}rgen},
  journal={Neural computation},
  volume={9},
  number={8},
  pages={1735--1780},
  year={1997},
  publisher={MIT Press}
}

@article{cho2014properties,
  title={On the properties of neural machine translation: Encoder-decoder approaches},
  author={Cho, Kyunghyun and Van Merri{\"e}nboer, Bart and Bahdanau, Dzmitry and Bengio, Yoshua},
  journal={arXiv preprint arXiv:1409.1259},
  year={2014}
}

@article{kalchbrenner2014convolutional,
  title={A convolutional neural network for modelling sentences},
  author={Kalchbrenner, Nal and Grefenstette, Edward and Blunsom, Phil},
  journal={arXiv preprint arXiv:1404.2188},
  year={2014}
}

@inproceedings{zhang2015character,
  title={Character-level convolutional networks for text classification},
  author={Zhang, Xiang and Zhao, Junbo and LeCun, Yann},
  booktitle={Advances in neural information processing systems},
  pages={649--657},
  year={2015}
}

@article{conneau2016very,
  title={Very deep convolutional networks for natural language processing},
  author={Conneau, Alexis and Schwenk, Holger and Barrault, Lo{\i}c and Lecun, Yann},
  journal={arXiv preprint},
  year={2016}
}

@article{goller1996learning,
  title={Learning task-dependent distributed representations by backpropagation through structure},
  author={Goller, Christoph and Kuchler, Andreas},
  journal={Neural Networks},
  volume={1},
  pages={347--352},
  year={1996},
  publisher={Citeseer}
}


@inproceedings{socher2011parsing,
  title={Parsing natural scenes and natural language with recursive neural networks},
  author={Socher, Richard and Lin, Cliff C and Manning, Chris and Ng, Andrew Y},
  booktitle={Proceedings of the 28th international conference on machine learning (ICML-11)},
  pages={129--136},
  year={2011}
}


@article{tai2015improved,
  title={Improved semantic representations from tree-structured long short-term memory networks},
  author={Tai, Kai Sheng and Socher, Richard and Manning, Christopher D},
  journal={arXiv preprint arXiv:1503.00075},
  year={2015}
}

@article{marcheggiani2017encoding,
  title={Encoding sentences with graph convolutional networks for semantic role labeling},
  author={Marcheggiani, Diego and Titov, Ivan},
  journal={arXiv preprint arXiv:1703.04826},
  year={2017}
}

@article{chen2013learning,
  title={Learning new facts from knowledge bases with neural tensor networks and semantic word vectors},
  author={Chen, Danqi and Socher, Richard and Manning, Christopher D and Ng, Andrew Y},
  journal={arXiv preprint arXiv:1301.3618},
  year={2013}
}

@article{clarke2012context,
  title={A context-theoretic framework for compositionality in distributional semantics},
  author={Clarke, Daoud},
  journal={Computational Linguistics},
  volume={38},
  number={1},
  pages={41--71},
  year={2012},
  publisher={MIT Press}
}

@article{baroni2014frege,
  title={Frege in space: A program of compositional distributional semantics},
  author={Baroni, Marco and Bernardi, Raffaela and Zamparelli, Roberto},
  journal={LiLT (Linguistic Issues in Language Technology)},
  volume={9},
  year={2014}
}

@article{chrupala2018difficulty,
  title={On the difficulty of a distributional semantics of spoken language},
    author={Chrupala, Grzegorz and Gelderloos, Lieke and K{\'a}d{\'a}r, {\'A}kos and Alishahi, Afra},
	  journal={arXiv preprint arXiv:1803.08869},
	    year={2018}
}

@inproceedings{kadar2018revisiting,
  title={Revisiting the Hierarchical Multiscale LSTM},
    author={K{\'a}d{\'a}r, {\'A}kos and C{\^o}t{\'e}, Marc-Alexandre and Chrupa{\l}a, Grzegorz and Alishahi, Afra},
	  booktitle={Proceedings of the 27th International Conference on Computational Linguistics},
	    pages={3215--3227},
		  year={2018}
}

@article{ferreira2018neuralreg,
  title={NeuralREG: An end-to-end approach to referring expression generation},
    author={Ferreira, Thiago Castro and Moussallem, Diego and K{\'a}d{\'a}r, {\'A}kos and Wubben, Sander and Krahmer, Emiel},
	  journal={arXiv preprint arXiv:1805.08093},
	    year={2018}
}

@article{cote2018textworld,
  title={TextWorld: A Learning Environment for Text-based Games},
    author={C{\^o}t{\'e}, Marc-Alexandre and K{\'a}d{\'a}r, {\'A}kos and Yuan, Xingdi and Kybartas, Ben and Barnes, Tavian and Fine, Emery and Moore, James and Hausknecht, Matthew and El Asri, Layla and Adada, Mahmoud and others},
	  journal={arXiv preprint arXiv:1806.11532},
	    year={2018}
}






@inproceedings{van2018didec,
  title={DIDEC: The Dutch Image Description and Eye-tracking Corpus},
    author={van Miltenburg, Emiel and K{\'a}dar, Akos and Koolen, Ruud and Krahmer, Emiel},
	  booktitle={Proceedings of the 27th International Conference on Computational Linguistics},
	    pages={3658--3669},
		  year={2018}
}


@article{kahou2017figureqa,
  title={Figureqa: An annotated figure dataset for visual reasoning},
    author={Kahou, Samira Ebrahimi and Michalski, Vincent and Atkinson, Adam and Kadar, Akos and Trischler, Adam and Bengio, Yoshua},
	  journal={arXiv preprint arXiv:1710.07300},
	    year={2017}
}


@article{chrupala2015learning,
  title={Learning language through pictures},
  author={Chrupa{\l}a, Grzegorz and K{\'a}d{\'a}r, Akos and Alishahi, Afra},
  journal={arXiv preprint arXiv:1506.03694},
  year={2015}
}

@article{yoo2017improving,
  title={Improving Visually Grounded Sentence Representations with Self-Attention},
  author={Yoo, Kang Min and Shin, Youhyun and Lee, Sang-goo},
  journal={arXiv preprint arXiv:1712.00609},
  year={2017}
}

@article{kiros2014unifying,
  title={Unifying Visual-Semantic Embeddings with Multimodal Neural Language Models},
  author={Kiros, Ryan and Salakhutdinov, Ruslan and Zemel, Richard S},
  journal={arXiv preprint arXiv:1411.2539},
  year={2014}
}


@inproceedings{hewitt2018learning,
  title={Learning Translations via Images with a Massively Multilingual Image Dataset},
  author={Hewitt, John and Ippolito, Daphne and Callahan, Brendan and Kriz, Reno and Wijaya, Derry Tanti and Callison-Burch, Chris},
  booktitle={Proceedings of the 56th Annual Meeting of the Association for Computational Linguistics (Volume 1: Long Papers)},
  volume={1},
  pages={2566--2576},
  year={2018}
}

@article{hartmann2017limitations,
  title={Limitations of cross-lingual learning from image search},
  author={Hartmann, Mareike and S{\o}gaard, Anders},
  journal={arXiv preprint arXiv:1709.05914},
  year={2017}
}

@inproceedings{bergsma2011learning,
  title={Learning bilingual lexicons using the visual similarity of labeled web images},
  author={Bergsma, Shane and Van Durme, Benjamin},
  booktitle={IJCAI Proceedings-International Joint Conference on Artificial Intelligence},
  volume={22},
  number={3},
  pages={1764},
  year={2011}
}

@inproceedings{kiela2014improving,
  title={Improving multi-modal representations using image dispersion: Why less is sometimes more},
  author={Kiela, Douwe and Hill, Felix and Korhonen, Anna and Clark, Stephen},
  booktitle={Proceedings of the 52nd Annual Meeting of the Association for Computational Linguistics (Volume 2: Short Papers)},
  volume={2},
  pages={835--841},
  year={2014}
}

@inproceedings{rotman2018bridging,
  title={Bridging languages through images with deep partial canonical correlation analysis},
  author={Rotman, Guy and Vuli{\'c}, Ivan and Reichart, Roi},
  booktitle={Proceedings of the 56th Annual Meeting of the Association for Computational Linguistics (Volume 1: Long Papers)},
  volume={1},
  pages={910--921},
  year={2018}
}

@inproceedings{vulic2016multi,
  title={Multi-modal representations for improved bilingual lexicon learning},
  author={Vuli{\'c}, Ivan and Kiela, Douwe and Clark, Stephen and Moens, Marie-Francine},
  booktitle={Proceedings of the 54th Annual Meeting of the Association for Computational Linguistics},
  pages={188--194},
  year={2016},
  organization={ACL}
}

@article{haghighi2008learning,
  title={Learning bilingual lexicons from monolingual corpora},
  author={Haghighi, Aria and Liang, Percy and Berg-Kirkpatrick, Taylor and Klein, Dan},
  journal={Proceedings of ACL-08: Hlt},
  pages={771--779},
  year={2008}
}


@inproceedings{schafer2002inducing,
  title={Inducing translation lexicons via diverse similarity measures and bridge languages},
  author={Schafer, Charles and Yarowsky, David},
  booktitle={proceedings of the 6th conference on Natural language learning-Volume 20},
  pages={1--7},
  year={2002},
  organization={Association for Computational Linguistics}
}


@article{hitschler2016multimodal,
  title={Multimodal pivots for image caption translation},
  author={Hitschler, Julian and Schamoni, Shigehiko and Riezler, Stefan},
  journal={arXiv preprint arXiv:1601.03916},
  year={2016}
}


@inproceedings{miyazaki2016cross,
  title={Cross-lingual image caption generation},
  author={Miyazaki, Takashi and Shimizu, Nobuyuki},
  booktitle={Proceedings of the 54th Annual Meeting of the Association for Computational Linguistics (Volume 1: Long Papers)},
  volume={1},
  pages={1780--1790},
  year={2016}
}

@article{nakayama2017zero,
  title={Zero-resource machine translation by multimodal encoder--decoder network with multimedia pivot},
  author={Nakayama, Hideki and Nishida, Noriki},
  journal={Machine Translation},
  volume={31},
  number={1-2},
  pages={49--64},
  year={2017},
  publisher={Springer}
}


@article{chen2018zero,
  title={Zero-Resource Neural Machine Translation with Multi-Agent Communication Game},
  author={Chen, Yun and Liu, Yang and Li, Victor OK},
  journal={arXiv preprint arXiv:1802.03116},
  year={2018}
}

@article{lee2017emergent,
  title={Emergent translation in multi-agent communication},
  author={Lee, Jason and Cho, Kyunghyun and Weston, Jason and Kiela, Douwe},
  journal={arXiv preprint arXiv:1710.06922},
  year={2017}
}


@article{rajendran2015bridge,
  title={Bridge correlational neural networks for multilingual multimodal representation learning},
  author={Rajendran, Janarthanan and Khapra, Mitesh M and Chandar, Sarath and Ravindran, Balaraman},
  journal={arXiv preprint arXiv:1510.03519},
  year={2015}
}


@article{gella2017image,
  title={Image pivoting for learning multilingual multimodal representations},
  author={Gella, Spandana and Sennrich, Rico and Keller, Frank and Lapata, Mirella},
  journal={arXiv preprint arXiv:1707.07601},
  year={2017}
}

@article{calixto2017multilingual,
  title={Multilingual Multi-modal Embeddings for Natural Language Processing},
  author={Calixto, Iacer and Liu, Qun and Campbell, Nick},
  journal={arXiv preprint arXiv:1702.01101},
  year={2017}
}

@article{elman1990finding,
  title={Finding structure in time},
  author={Elman, Jeffrey L},
  journal={Cognitive science},
  volume={14},
  number={2},
  pages={179--211},
  year={1990},
  publisher={Wiley Online Library}
}


@article{elman1991distributed,
  title={Distributed representations, simple recurrent networks, and grammatical structure},
  author={Elman, Jeffrey L},
  journal={Machine learning},
  volume={7},
  number={2-3},
  pages={195--225},
  year={1991},
  publisher={Springer}
}

@article{levy2015improving,
  title={Improving distributional similarity with lessons learned from word embeddings},
  author={Levy, Omer and Goldberg, Yoav and Dagan, Ido},
  journal={Transactions of the Association for Computational Linguistics},
  volume={3},
  pages={211--225},
  year={2015}
}

@inproceedings{levy2014neural,
  title={Neural word embedding as implicit matrix factorization},
  author={Levy, Omer and Goldberg, Yoav},
  booktitle={Advances in neural information processing systems},
  pages={2177--2185},
  year={2014}
}


@inproceedings{ren2015faster,
  title={Faster r-cnn: Towards real-time object detection with region proposal networks},
  author={Ren, Shaoqing and He, Kaiming and Girshick, Ross and Sun, Jian},
  booktitle={Advances in neural information processing systems},
  pages={91--99},
  year={2015}
}

@inproceedings{girshick2014rich,
  title={Rich feature hierarchies for accurate object detection and semantic segmentation},
  author={Girshick, Ross and Donahue, Jeff and Darrell, Trevor and Malik, Jitendra},
  booktitle={Proceedings of the IEEE conference on computer vision and pattern recognition},
  pages={580--587},
  year={2014}
}

@inproceedings{donahue2014decaf,
  title={Decaf: A deep convolutional activation feature for generic visual recognition},
  author={Donahue, Jeff and Jia, Yangqing and Vinyals, Oriol and Hoffman, Judy and Zhang, Ning and Tzeng, Eric and Darrell, Trevor},
  booktitle={International conference on machine learning},
  pages={647--655},
  year={2014}
}


@inproceedings{sharif2014cnn,
  title={CNN features off-the-shelf: an astounding baseline for recognition},
  author={Sharif Razavian, Ali and Azizpour, Hossein and Sullivan, Josephine and Carlsson, Stefan},
  booktitle={Proceedings of the IEEE conference on computer vision and pattern recognition workshops},
  pages={806--813},
  year={2014}
}

@article{montague1970english,
  title={English as a formal language},
  author={Montague, Richard},
  year={1970}
}

@phdthesis{bowman2016modeling,
  title={Modeling natural language semantics in learned representations},
  author={Bowman, Samuel Ryan},
  year={2016},
  school={Ph. D. thesis, Stanford University}
}

@inproceedings{socher2013recursive,
  title={Recursive deep models for semantic compositionality over a sentiment treebank},
  author={Socher, Richard and Perelygin, Alex and Wu, Jean and Chuang, Jason and Manning, Christopher D and Ng, Andrew and Potts, Christopher},
  booktitle={Proceedings of the 2013 conference on empirical methods in natural language processing},
  pages={1631--1642},
  year={2013}
}

@article{socher2014grounded,
  title={Grounded compositional semantics for finding and describing images with sentences},
  author={Socher, Richard and Karpathy, Andrej and Le, Quoc V and Manning, Christopher D and Ng, Andrew Y},
  journal={Transactions of the Association of Computational Linguistics},
  volume={2},
  number={1},
  pages={207--218},
  year={2014}
}

@article{tai2015improved,
  title={Improved semantic representations from tree-structured long short-term memory networks},
  author={Tai, Kai Sheng and Socher, Richard and Manning, Christopher D},
  journal={arXiv preprint arXiv:1503.00075},
  year={2015}
}


@article{li2015tree,
  title={When are tree structures necessary for deep learning of representations?},
  author={Li, Jiwei and Luong, Minh-Thang and Jurafsky, Dan and Hovy, Eudard},
  journal={arXiv preprint arXiv:1503.00185},
  year={2015}
}




@article{li2016understanding,
  title={Understanding neural networks through representation erasure},
  author={Li, Jiwei and Monroe, Will and Jurafsky, Dan},
  journal={arXiv preprint arXiv:1612.08220},
  year={2016}
}

@article{gan2016unsupervised,
  title={Unsupervised learning of sentence representations using convolutional neural networks},
  author={Gan, Zhe and Pu, Yunchen and Henao, Ricardo and Li, Chunyuan and He, Xiaodong and Carin, Lawrence},
  journal={arXiv preprint arXiv:1611.07897},
  year={2016}
}

@article{kenter2016siamese,
  title={Siamese cbow: Optimizing word embeddings for sentence representations},
  author={Kenter, Tom and Borisov, Alexey and de Rijke, Maarten},
  journal={arXiv preprint arXiv:1606.04640},
  year={2016}
}

@article{jernite2017discourse,
  title={Discourse-based objectives for fast unsupervised sentence representation learning},
  author={Jernite, Yacine and Bowman, Samuel R and Sontag, David},
  journal={arXiv preprint arXiv:1705.00557},
  year={2017}
}

@article{bai2018empirical,
  title={An empirical evaluation of generic convolutional and recurrent networks for sequence modeling},
  author={Bai, Shaojie and Kolter, J Zico and Koltun, Vladlen},
  journal={arXiv preprint arXiv:1803.01271},
  year={2018}
}


@inproceedings{vaswani2017attention,
  title={Attention is all you need},
  author={Vaswani, Ashish and Shazeer, Noam and Parmar, Niki and Uszkoreit, Jakob and Jones, Llion and Gomez, Aidan N and Kaiser, {\L}ukasz and Polosukhin, Illia},
  booktitle={Advances in Neural Information Processing Systems},
  pages={5998--6008},
  year={2017}
}

@article{strobelt2018lstmvis,
  title={Lstmvis: A tool for visual analysis of hidden state dynamics in recurrent neural networks},
  author={Strobelt, Hendrik and Gehrmann, Sebastian and Pfister, Hanspeter and Rush, Alexander M},
  journal={IEEE transactions on visualization and computer graphics},
  volume={24},
  number={1},
  pages={667--676},
  year={2018},
  publisher={IEEE}
}

@inproceedings{kiela2015visual,
  title={Visual bilingual lexicon induction with transferred convnet features},
  author={Kiela, Douwe and Vulic, Ivan and Clark, Stephen},
  booktitle={Proceedings of the 2015 Conference on Empirical Methods in Natural Language Processing (EMNLP 2015)},
  year={2015},
  organization={ACL}
}










%%% MY REFS BELOW IS THIAGO

%% REFS for intro
@article{greenwade93,
    author  = "George D. Greenwade",
    title   = "The {C}omprehensive {T}ex {A}rchive {N}etwork ({CTAN})",
    year    = "1993",
    journal = "TUGBoat",
    volume  = "14",
    number  = "3",
    pages   = "342--351"
}

@inproceedings{collobert2008unified,
  title={A unified architecture for natural language processing: Deep neural networks with multitask learning},
  author={Collobert, Ronan and Weston, Jason},
  booktitle={Proceedings of the 25th international conference on Machine learning},
  pages={160--167},
  year={2008},
  organization={ACM}
}


@article{caruana1997multitask,
  title={Multitask learning},
  author={Caruana, Rich},
  journal={Machine learning},
  volume={28},
  number={1},
  pages={41--75},
  year={1997},
  publisher={Springer}
}

@article{ruder2017overview,
  title={An overview of multi-task learning in deep neural networks},
  author={Ruder, Sebastian},
  journal={arXiv preprint arXiv:1706.05098},
  year={2017}
}

@inproceedings{deng2009imagenet,
  title={Imagenet: A large-scale hierarchical image database},
  author={Deng, Jia and Dong, Wei and Socher, Richard and Li, Li-Jia and Li, Kai and Fei-Fei, Li},
  booktitle={Computer Vision and Pattern Recognition, 2009. CVPR 2009. IEEE Conference on},
  pages={248--255},
  year={2009},
  organization={Ieee}
}

@article{russakovsky2015imagenet,
  title={Imagenet large scale visual recognition challenge},
  author={Russakovsky, Olga and Deng, Jia and Su, Hao and Krause, Jonathan and Satheesh, Sanjeev and Ma, Sean and Huang, Zhiheng and Karpathy, Andrej and Khosla, Aditya and Bernstein, Michael and others},
  journal={International Journal of Computer Vision},
  volume={115},
  number={3},
  pages={211--252},
  year={2015},
  publisher={Springer}
}

@article{miller1995wordnet,
  title={WordNet: a lexical database for English},
  author={Miller, George A},
  journal={Communications of the ACM},
  volume={38},
  number={11},
  pages={39--41},
  year={1995},
  publisher={ACM}
}

@article{hodosh2013framing,
  title={Framing image description as a ranking task: Data, models and evaluation metrics},
  author={Hodosh, Micah and Young, Peter and Hockenmaier, Julia},
  journal={Journal of Artificial Intelligence Research},
  volume={47},
  pages={853--899},
  year={2013}
}


@article{young2014image,
  title={From image descriptions to visual denotations: New similarity metrics for semantic inference over event descriptions},
  author={Young, Peter and Lai, Alice and Hodosh, Micah and Hockenmaier, Julia},
  journal={Transactions of the Association for Computational Linguistics},
  volume={2},
  pages={67--78},
  year={2014}
}


@article{bernardi2016automatic,
  title={Automatic description generation from images: A survey of models, datasets, and evaluation measures},
  author={Bernardi, Raffaella and Cakici, Ruket and Elliott, Desmond and Erdem, Aykut and Erdem, Erkut and Ikizler-Cinbis, Nazli and Keller, Frank and Muscat, Adrian and Plank, Barbara},
  journal={Journal of Artificial Intelligence Research},
  volume={55},
  pages={409--442},
  year={2016}
}


@article{chen2015microsoft,
  title={Microsoft COCO captions: Data collection and evaluation server},
  author={Chen, Xinlei and Fang, Hao and Lin, Tsung-Yi and Vedantam, Ramakrishna and Gupta, Saurabh and Doll{\'a}r, Piotr and Zitnick, C Lawrence},
  journal={arXiv preprint arXiv:1504.00325},
  year={2015}
}



@article{elliott2016multi30k,
  title={Multi30k: Multilingual english-german image descriptions},
  author={Elliott, Desmond and Frank, Stella and Sima'an, Khalil and Specia, Lucia},
  journal={arXiv preprint arXiv:1605.00459},
  year={2016}
}

@inproceedings{elliott2017findings,
  title={Findings of the second shared task on multimodal machine translation and multilingual image description},
  author={Elliott, Desmond and Frank, Stella and Barrault, Lo{\"\i}c and Bougares, Fethi and Specia, Lucia},
  booktitle = {Proceedings of the Second Conference on Machine Translation, Volume 2: Shared Task Papers},
  year={2017},
  pages{215--233},
  address={Copenhagen, Denmark}
}

@book{nevin2002legacy,
  title={The legacy of Zellig Harris: language and information into the 21st century},
  author={Nevin, Bruce E and Johnson, Stephen M},
  volume={1},
  year={2002},
  publisher={John Benjamins Publishing}
}



@article{harris1954distributional,
  title={Distributional structure},
  author={Harris, Zellig S},
  journal={Word},
  volume={10},
  number={2-3},
  pages={146--162},
  year={1954},
  publisher={Taylor \& Francis}
}

@book{cruse1986lexical,
  title={Lexical semantics},
  author={Cruse, D Alan and Cruse, David Alan},
  year={1986},
  publisher={Cambridge University Press}
}

@article{miller1991contextual,
  title={Contextual correlates of semantic similarity},
  author={Miller, George A and Charles, Walter G},
  journal={Language and cognitive processes},
  volume={6},
  number={1},
  pages={1--28},
  year={1991},
  publisher={Taylor \& Francis}
}

@article{dumais2004latent,
  title={Latent semantic analysis},
  author={Dumais, Susan T},
  journal={Annual review of information science and technology},
  volume={38},
  number={1},
  pages={188--230},
  year={2004},
  publisher={Wiley Online Library}
}

@article{evert2005statistics,
  title={The statistics of word cooccurrences: word pairs and collocations},
  author={Evert, Stefan},
  year={2005}
}

@inproceedings{baroni2014don,
  title={Don't count, predict! A systematic comparison of context-counting vs. context-predicting semantic vectors},
  author={Baroni, Marco and Dinu, Georgiana and Kruszewski, Germ{\'a}n},
  booktitle={Proceedings of the 52nd Annual Meeting of the Association for Computational Linguistics (Volume 1: Long Papers)},
  volume={1},
  pages={238--247},
  year={2014}
}

@article{bullinaria2007extracting,
  title={Extracting semantic representations from word co-occurrence statistics: A computational study},
  author={Bullinaria, John A and Levy, Joseph P},
  journal={Behavior research methods},
  volume={39},
  number={3},
  pages={510--526},
  year={2007},
  publisher={Springer}
}

@article{bullinaria2012extracting,
  title={Extracting semantic representations from word co-occurrence statistics: stop-lists, stemming, and SVD},
  author={Bullinaria, John A and Levy, Joseph P},
  journal={Behavior research methods},
  volume={44},
  number={3},
  pages={890--907},
  year={2012},
  publisher={Springer}
}

@article{bengio2003neural,
  title={A neural probabilistic language model},
  author={Bengio, Yoshua and Ducharme, R{\'e}jean and Vincent, Pascal and Jauvin, Christian},
  journal={Journal of machine learning research},
  volume={3},
  number={Feb},
  pages={1137--1155},
  year={2003}
}

@article{cauchy1847methode,
  title={M{\'e}thode g{\'e}n{\'e}rale pour la r{\'e}solution des systemes d’{\'e}quations simultan{\'e}es},
  author={Cauchy, Augustin},
  journal={Comp. Rend. Sci. Paris},
  volume={25},
  number={1847},
  pages={536--538},
  year={1847}
}


@techreport{rumelhart1985learning,
  title={Learning internal representations by error propagation},
  author={Rumelhart, David E and Hinton, Geoffrey E and Williams, Ronald J},
  year={1985},
  institution={California Univ San Diego La Jolla Inst for Cognitive Science}
}



@incollection{waibel1990phoneme,
  title={Phoneme recognition using time-delay neural networks},
  author={Waibel, Alexander and Hanazawa, Toshiyuki and Hinton, Geoffrey and Shikano, Kiyohiro and Lang, Kevin J},
  booktitle={Readings in speech recognition},
  pages={393--404},
  year={1990},
  publisher={Elsevier}
}

@inproceedings{mikolov2010recurrent,
  title={Recurrent neural network based language model},
  author={Mikolov, Tom{\'a}{\v{s}} and Karafi{\'a}t, Martin and Burget, Luk{\'a}{\v{s}} and {\v{C}}ernock{\`y}, Jan and Khudanpur, Sanjeev},
  booktitle={Eleventh Annual Conference of the International Speech Communication Association},
  year={2010}
}


@article{collobert2011natural,
  title={Natural language processing (almost) from scratch},
  author={Collobert, Ronan and Weston, Jason and Bottou, L{\'e}on and Karlen, Michael and Kavukcuoglu, Koray and Kuksa, Pavel},
  journal={Journal of Machine Learning Research},
  volume={12},
  number={Aug},
  pages={2493--2537},
  year={2011}
}

@inproceedings{turian2010word,
  title={Word representations: a simple and general method for semi-supervised learning},
  author={Turian, Joseph and Ratinov, Lev and Bengio, Yoshua},
  booktitle={Proceedings of the 48th annual meeting of the association for computational linguistics},
  pages={384--394},
  year={2010},
  organization={Association for Computational Linguistics}
}

@inproceedings{schwenk2005training,
  title={Training neural network language models on very large corpora},
  author={Schwenk, Holger and Gauvain, Jean-Luc},
  booktitle={Proceedings of the conference on Human Language Technology and Empirical Methods in Natural Language Processing},
  pages={201--208},
  year={2005},
  organization={Association for Computational Linguistics}
}



@article{bengio1994learning,
  title={Learning long-term dependencies with gradient descent is difficult},
  author={Bengio, Yoshua and Simard, Patrice and Frasconi, Paolo},
  journal={IEEE transactions on neural networks},
  volume={5},
  number={2},
  pages={157--166},
  year={1994}
}


@inproceedings{mikolov2010recurrent,
  title={Recurrent neural network based language model},
  author={Mikolov, Tom{\'a}{\v{s}} and Karafi{\'a}t, Martin and Burget, Luk{\'a}{\v{s}} and {\v{C}}ernock{\`y}, Jan and Khudanpur, Sanjeev},
  booktitle={Eleventh Annual Conference of the International Speech Communication Association},
  year={2010}
}

@inproceedings{mikolov2013linguistic,
  title={Linguistic regularities in continuous space word representations},
  author={Mikolov, Tomas and Yih, Wen-tau and Zweig, Geoffrey},
  booktitle={Proceedings of the 2013 Conference of the North American Chapter of the Association for Computational Linguistics: Human Language Technologies},
  pages={746--751},
  year={2013}
}

@article{glenberg2000symbol,
  title={Symbol grounding and meaning: A comparison of high-dimensional and embodied theories of meaning},
  author={Glenberg, Arthur M and Robertson, David A},
  journal={Journal of memory and language},
  volume={43},
  number={3},
  pages={379--401},
  year={2000},
  publisher={Elsevier}
}

@article{harnad1990symbol,
  title={The symbol grounding problem},
  author={Harnad, Stevan},
  journal={Physica D: Nonlinear Phenomena},
  volume={42},
  number={1-3},
  pages={335--346},
  year={1990},
  publisher={Elsevier}
}

@inproceedings{bruni2012distributional,
  title={Distributional semantics in technicolor},
  author={Bruni, Elia and Boleda, Gemma and Baroni, Marco and Tran, Nam-Khanh},
  booktitle={Proceedings of the 50th Annual Meeting of the Association for Computational Linguistics: Long Papers-Volume 1},
  pages={136--145},
  year={2012},
  organization={Association for Computational Linguistics}
}


@article{bruni2014multimodal,
  title={Multimodal distributional semantics},
  author={Bruni, Elia and Tran, Nam-Khanh and Baroni, Marco},
  journal={Journal of Artificial Intelligence Research},
  volume={49},
  pages={1--47},
  year={2014}
}


@inproceedings{feng2010visual,
  title={Visual information in semantic representation},
  author={Feng, Yansong and Lapata, Mirella},
  booktitle={Human Language Technologies: The 2010 Annual Conference of the North American Chapter of the Association for Computational Linguistics},
  pages={91--99},
  year={2010},
  organization={Association for Computational Linguistics}
}

@inproceedings{bruni2011distributional,
  title={Distributional semantics from text and images},
  author={Bruni, Elia and Tran, Giang Binh and Baroni, Marco},
  booktitle={Proceedings of the GEMS 2011 workshop on geometrical models of natural language semantics},
  pages={22--32},
  year={2011},
  organization={Association for Computational Linguistics}
}

@article{kiela2016mmfeat,
  title={Mmfeat: A toolkit for extracting multi-modal features},
  author={Kiela, Douwe},
  journal={Proceedings of ACL-2016 System Demonstrations},
  pages={55--60},
  year={2016}
}

@inproceedings{kiela2014learning,
  title={Learning image embeddings using convolutional neural networks for improved multi-modal semantics},
  author={Kiela, Douwe and Bottou, L{\'e}on},
  booktitle={Proceedings of the 2014 Conference on Empirical Methods in Natural Language Processing (EMNLP)},
  pages={36--45},
  year={2014}
}

@inproceedings{glavavs2017if,
  title={If sentences could see: Investigating visual information for semantic textual similarity},
  author={Glava{\v{s}}, Goran and Vuli{\'c}, Ivan and Ponzetto, Simone Paolo},
  booktitle={IWCS 2017-12th International Conference on Computational Semantics-Long papers},
  year={2017}
}


@article{mitchell2008vector,
  title={Vector-based models of semantic composition},
  author={Mitchell, Jeff and Lapata, Mirella},
  journal={proceedings of ACL-08: HLT},
  pages={236--244},
  year={2008}
}


@inproceedings{clark2007combining,
  title={Combining symbolic and distributional models of meaning.},
  author={Clark, Stephen and Pulman, Stephen},
  booktitle={AAAI Spring Symposium: Quantum Interaction},
  pages={52--55},
  year={2007}
}


@article{coecke2010mathematical,
  title={Mathematical foundations for a compositional distributional model of meaning},
  author={Coecke, Bob and Sadrzadeh, Mehrnoosh and Clark, Stephen},
  journal={arXiv preprint arXiv:1003.4394},
  year={2010}
}

@inproceedings{kiros2015skip,
  title={Skip-thought vectors},
  author={Kiros, Ryan and Zhu, Yukun and Salakhutdinov, Ruslan R and Zemel, Richard and Urtasun, Raquel and Torralba, Antonio and Fidler, Sanja},
  booktitle={Advances in neural information processing systems},
  pages={3294--3302},
  year={2015}
}

@article{hill2016learning,
  title={Learning distributed representations of sentences from unlabelled data},
  author={Hill, Felix and Cho, Kyunghyun and Korhonen, Anna},
  journal={arXiv preprint arXiv:1602.03483},
  year={2016}
}


@article{kiela2017learning,
  title={Learning visually grounded sentence representations},
  author={Kiela, Douwe and Conneau, Alexis and Jabri, Allan and Nickel, Maximilian},
  journal={arXiv preprint arXiv:1707.06320},
  year={2017}
}

@article{elliott2017imagination,
  title={Imagination improves multimodal translation},
  author={Elliott, Desmond and K{\'a}d{\'a}r, Akos},
  journal={arXiv preprint arXiv:1705.04350},
  year={2017}
}



@InProceedings{conneau-EtAl:2017:EMNLP2017,
  author    = {Conneau, Alexis  and  Kiela, Douwe  and  Schwenk, Holger  and  Barrault, Lo\"{i}c  and  Bordes, Antoine},
  title     = {Supervised Learning of Universal Sentence Representations from Natural Language Inference Data},
  booktitle = {Proceedings of the 2017 Conference on Empirical Methods in Natural Language Processing},
  month     = {September},
  year      = {2017},
  address   = {Copenhagen, Denmark},
  publisher = {Association for Computational Linguistics},
  pages     = {670--680},
  url       = {https://www.aclweb.org/anthology/D17-1070}
}



@article{subramanian2018learning,
  title={Learning general purpose distributed sentence representations via large scale multi-task learning},
  author={Subramanian, Sandeep and Trischler, Adam and Bengio, Yoshua and Pal, Christopher J},
  journal={arXiv preprint arXiv:1804.00079},
  year={2018}
}

@article{peters2018deep,
  title={Deep contextualized word representations},
  author={Peters, Matthew E and Neumann, Mark and Iyyer, Mohit and Gardner, Matt and Clark, Christopher and Lee, Kenton and Zettlemoyer, Luke},
  journal={arXiv preprint arXiv:1802.05365},
  year={2018}
}

@inproceedings{mccann2017learned,
  title={Learned in translation: Contextualized word vectors},
  author={McCann, Bryan and Bradbury, James and Xiong, Caiming and Socher, Richard},
  booktitle={Advances in Neural Information Processing Systems},
  pages={6294--6305},
  year={2017}
}

@article{pulvermuller2005brain,
  title={Brain mechanisms linking language and action},
  author={Pulverm{\"u}ller, Friedemann},
  journal={Nature Reviews Neuroscience},
  volume={6},
  number={7},
  pages={576},
  year={2005},
  publisher={Nature Publishing Group}
}



@article{lazaridou2015combining,
  title={Combining language and vision with a multimodal skip-gram model},
  author={Lazaridou, Angeliki and Pham, Nghia The and Baroni, Marco},
  journal={arXiv preprint arXiv:1501.02598},
  year={2015}
}

@article{ammar2016massively,
  title={Massively multilingual word embeddings},
  author={Ammar, Waleed and Mulcaire, George and Tsvetkov, Yulia and Lample, Guillaume and Dyer, Chris and Smith, Noah A},
  journal={arXiv preprint arXiv:1602.01925},
  year={2016}
}


@article{landauer1997solution,
  title={A solution to Plato's problem: The latent semantic analysis theory of acquisition, induction, and representation of knowledge.},
  author={Landauer, Thomas K and Dumais, Susan T},
  journal={Psychological review},
  volume={104},
  number={2},
  pages={211},
  year={1997},
  publisher={US: American Psychological Association}
}


@article{lund1996producing,
  title={Producing high-dimensional semantic spaces from lexical co-occurrence},
  author={Lund, Kevin and Burgess, Curt},
  journal={Behavior research methods, instruments, \& computers},
  volume={28},
  number={2},
  pages={203--208},
  year={1996},
  publisher={Springer}
}

@article{louwerse2011symbol,
  title={Symbol interdependency in symbolic and embodied cognition},
  author={Louwerse, Max M},
  journal={Topics in Cognitive Science},
  volume={3},
  number={2},
  pages={273--302},
  year={2011},
  publisher={Wiley Online Library}
}

@article{andrews2009integrating,
  title={Integrating experiential and distributional data to learn semantic representations.},
  author={Andrews, Mark and Vigliocco, Gabriella and Vinson, David},
  journal={Psychological review},
  volume={116},
  number={3},
  pages={463},
  year={2009},
  publisher={American Psychological Association}
}


@article{baroni2008concepts,
  title={Concepts and properties in word spaces},
  author={Baroni, Marco and Lenci, Alessandro},
  journal={Italian Journal of Linguistics},
  volume={20},
  number={1},
  pages={55--88},
  year={2008}
}

@article{riordan2011redundancy,
  title={Redundancy in perceptual and linguistic experience: Comparing feature-based and distributional models of semantic representation},
  author={Riordan, Brian and Jones, Michael N},
  journal={Topics in Cognitive Science},
  volume={3},
  number={2},
  pages={303--345},
  year={2011},
  publisher={Wiley Online Library}
}


@inproceedings{kiela2015multi,
  title={Multi-and cross-modal semantics beyond vision: Grounding in auditory perception},
  author={Kiela, Douwe and Clark, Stephen},
  booktitle={Proceedings of the 2015 Conference on Empirical Methods in Natural Language Processing},
  pages={2461--2470},
  year={2015}
}

@inproceedings{srivastava2012learning,
  title={Learning representations for multimodal data with deep belief nets},
  author={Srivastava, Nitish and Salakhutdinov, Ruslan},
  booktitle={International conference on machine learning workshop},
  volume={79},
  year={2012}
}

@inproceedings{feng2014cross,
  title={Cross-modal retrieval with correspondence autoencoder},
  author={Feng, Fangxiang and Wang, Xiaojie and Li, Ruifan},
  booktitle={Proceedings of the 22nd ACM international conference on Multimedia},
  pages={7--16},
  year={2014},
  organization={ACM}
}

@inproceedings{kiela2015grounding,
  title={Grounding semantics in olfactory perception},
  author={Kiela, Douwe and Bulat, Luana and Clark, Stephen},
  booktitle={Proceedings of the 53rd Annual Meeting of the Association for Computational Linguistics and the 7th International Joint Conference on Natural Language Processing (Volume 2: Short Papers)},
  volume={2},
  pages={231--236},
  year={2015}
}


@article{weston2010large,
  title={Large scale image annotation: learning to rank with joint word-image embeddings},
  author={Weston, Jason and Bengio, Samy and Usunier, Nicolas},
  journal={Machine learning},
  volume={81},
  number={1},
  pages={21--35},
  year={2010},
  publisher={Springer}
}

@article{socher2014grounded,
  title={Grounded compositional semantics for finding and describing images with sentences},
  author={Socher, Richard and Karpathy, Andrej and Le, Quoc V and Manning, Christopher D and Ng, Andrew Y},
  journal={Transactions of the Association of Computational Linguistics},
  volume={2},
  number={1},
  pages={207--218},
  year={2014}
}


@inproceedings{kiros2014multimodal,
  title={Multimodal neural language models},
  author={Kiros, Ryan and Salakhutdinov, Ruslan and Zemel, Rich},
  booktitle={International Conference on Machine Learning},
  pages={595--603},
  year={2014}
}


@article{jiang2016deep,
  title={Deep cross-modal hashing},
  author={Jiang, Qing-Yuan and Li, Wu-Jun},
  journal={CoRR},
  year={2016}
}

@inproceedings{cao2016deep,
  title={Deep visual-semantic hashing for cross-modal retrieval},
  author={Cao, Yue and Long, Mingsheng and Wang, Jianmin and Yang, Qiang and Yu, Philip S},
  booktitle={Proceedings of the 22nd ACM SIGKDD International Conference on Knowledge Discovery and Data Mining},
  pages={1445--1454},
  year={2016},
  organization={ACM}
}

@inproceedings{lopopolo2015sound,
  title={Sound-based distributional models},
  author={Lopopolo, Alessandro and Miltenburg, Emiel},
  booktitle={Proceedings of the 11th International Conference on Computational Semantics},
  pages={70--75},
  year={2015}
}


@article{chrupala2017representations,
  title={Representations of language in a model of visually grounded speech signal},
  author={Chrupa{\l}a, Grzegorz and Gelderloos, Lieke and Alishahi, Afra},
  journal={arXiv preprint arXiv:1702.01991},
  year={2017}
}


@article{harwath2018jointly,
  title={Jointly Discovering Visual Objects and Spoken Words from Raw Sensory Input},
  author={Harwath, David and Recasens, Adri{\`a} and Sur{\'\i}s, D{\'\i}dac and Chuang, Galen and Torralba, Antonio and Glass, James},
  journal={arXiv preprint arXiv:1804.01452},
  year={2018}
}

@inproceedings{harwath2016unsupervised,
  title={Unsupervised learning of spoken language with visual context},
  author={Harwath, David and Torralba, Antonio and Glass, James},
  booktitle={Advances in Neural Information Processing Systems},
  pages={1858--1866},
  year={2016}
}

@inproceedings{caruana2015intelligible,
  title={Intelligible models for healthcare: Predicting pneumonia risk and hospital 30-day readmission},
  author={Caruana, Rich and Lou, Yin and Gehrke, Johannes and Koch, Paul and Sturm, Marc and Elhadad, Noemie},
  booktitle={Proceedings of the 21th ACM SIGKDD International Conference on Knowledge Discovery and Data Mining},
  pages={1721--1730},
  year={2015},
  organization={ACM}
}



@article{mikolov2013exploiting,
  title={Exploiting similarities among languages for machine translation},
  author={Mikolov, Tomas and Le, Quoc V and Sutskever, Ilya},
  journal={arXiv preprint arXiv:1309.4168},
  year={2013}
}

@inproceedings{lazaridou2015hubness,
  title={Hubness and pollution: Delving into cross-space mapping for zero-shot learning},
  author={Lazaridou, Angeliki and Dinu, Georgiana and Baroni, Marco},
  booktitle={Proceedings of the 53rd Annual Meeting of the Association for Computational Linguistics and the 7th International Joint Conference on Natural Language Processing (Volume 1: Long Papers)},
  volume={1},
  pages={270--280},
  year={2015}
}

@inproceedings{xing2015normalized,
  title={Normalized word embedding and orthogonal transform for bilingual word translation},
  author={Xing, Chao and Wang, Dong and Liu, Chao and Lin, Yiye},
  booktitle={Proceedings of the 2015 Conference of the North American Chapter of the Association for Computational Linguistics: Human Language Technologies},
  pages={1006--1011},
  year={2015}
}

@inproceedings{faruqui2014improving,
  title={Improving vector space word representations using multilingual correlation},
  author={Faruqui, Manaal and Dyer, Chris},
  booktitle={Proceedings of the 14th Conference of the European Chapter of the Association for Computational Linguistics},
  pages={462--471},
  year={2014}
}


@inproceedings{lu2015deep,
  title={Deep multilingual correlation for improved word embeddings},
  author={Lu, Ang and Wang, Weiran and Bansal, Mohit and Gimpel, Kevin and Livescu, Karen},
  booktitle={Proceedings of the 2015 Conference of the North American Chapter of the Association for Computational Linguistics: Human Language Technologies},
  pages={250--256},
  year={2015}
}


@article{simonyan2013deep,
  title={Deep inside convolutional networks: Visualising image classification models and saliency maps},
  author={Simonyan, Karen and Vedaldi, Andrea and Zisserman, Andrew},
  journal={arXiv preprint arXiv:1312.6034},
  year={2013}
}


@inproceedings{bansal2016ask,
  title={Ask the gru: Multi-task learning for deep text recommendations},
  author={Bansal, Trapit and Belanger, David and McCallum, Andrew},
  booktitle={Proceedings of the 10th ACM Conference on Recommender Systems},
  pages={107--114},
  year={2016},
  organization={ACM}
}

@article{bach2015pixel,
  title={On pixel-wise explanations for non-linear classifier decisions by layer-wise relevance propagation},
  author={Bach, Sebastian and Binder, Alexander and Montavon, Gr{\'e}goire and Klauschen, Frederick and M{\"u}ller, Klaus-Robert and Samek, Wojciech},
  journal={PloS one},
  volume={10},
  number={7},
  pages={e0130140},
  year={2015},
  publisher={Public Library of Science}
}


@article{barsalou2003grounding,
  title={Grounding conceptual knowledge in modality-specific systems},
  author={Barsalou, Lawrence W and Simmons, W Kyle and Barbey, Aron K and Wilson, Christine D},
  journal={Trends in cognitive sciences},
  volume={7},
  number={2},
  pages={84--91},
  year={2003},
  publisher={Elsevier}
}


@article{gella2017image,
  title={Image Pivoting for Learning Multilingual Multimodal Representations},
  author={Gella, Spandana and Sennrich, Rico and Keller, Frank and Lapata, Mirella},
  journal={arXiv preprint arXiv:1707.07601},
  year={2017}
}

@article{frank_elliott_specia_2018, title={Assessing multilingual multimodal image description: Studies of native speaker preferences and translator choices}, volume={24}, DOI={10.1017/S1351324918000074}, number={3}, journal={Natural Language Engineering}, publisher={Cambridge University Press}, author={Frank, Stella and Elliott, Desmond and Specia, Lucia}, year={2018}, pages={393–413}}

@inproceedings{miyazaki2016cross,
  title={Cross-lingual image caption generation},
  author={Miyazaki, Takashi and Shimizu, Nobuyuki},
  booktitle={Proceedings of the 54th Annual Meeting of the Association for Computational Linguistics (Volume 1: Long Papers)},
  volume={1},
  pages={1780--1790},
  year={2016}
}


@article{lee2017fully,
  title={Fully Character-Level Neural Machine Translation without Explicit Segmentation},
  author={Lee, Jason and Cho, Kyunghyun and Hofmann, Thomas},
  journal={Transactions of the Association for Computational Linguistics},
  volume={5},
  pages={365--378},
  year={2017}
}


@article{yoo2017improving,
  title={Improving Visually Grounded Sentence Representations with Self-Attention},
  author={Yoo, Kang Min and Shin, Youhyun and Lee, Sang-goo},
  journal={arXiv preprint arXiv:1712.00609},
  year={2017}
}

@article{li2017improving,
  title={Improving pairwise ranking for multi-label image classification},
  author={Li, Yuncheng and Song, Yale and Luo, Jiebo},
  journal={arXiv preprint arXiv:1704.03135},
  year={2017}
}

@article{faghri2017vse++,
  title={VSE++: Improved Visual-Semantic Embeddings},
  author={Faghri, Fartash and Fleet, David J and Kiros, Jamie Ryan and Fidler, Sanja},
  journal={arXiv preprint arXiv:1707.05612},
  year={2017}
}

@article{wehrmann2018order,
  title={Order embeddings and character-level convolutions for multimodal alignment},
  author={Wehrmann, J{\^o}natas and Mattjie, Anderson and Barros, Rodrigo C},
  journal={Pattern Recognition Letters},
  volume={102},
  pages={15--22},
  year={2018},
  publisher={Elsevier}
}

@inproceedings{li2016adding,
  title={Adding chinese captions to images},
  author={Li, Xirong and Lan, Weiyu and Dong, Jianfeng and Liu, Hailong},
  booktitle={Proceedings of the 2016 ACM on International Conference on Multimedia Retrieval},
  pages={271--275},
  year={2016},
  organization={ACM}
}

@article{zoph2016transfer,
  title={Transfer learning for low-resource neural machine translation},
  author={Zoph, Barret and Yuret, Deniz and May, Jonathan and Knight, Kevin},
  journal={arXiv preprint arXiv:1604.02201},
  year={2016}
}

@article{firat2016multi,
  title={Multi-way, multilingual neural machine translation with a shared attention mechanism},
  author={Firat, Orhan and Cho, Kyunghyun and Bengio, Yoshua},
  journal={arXiv preprint arXiv:1601.01073},
  year={2016}
}

@article{johnson2016google,
  title={Google's multilingual neural machine translation system: enabling zero-shot translation},
  author={Johnson, Melvin and Schuster, Mike and Le, Quoc V and Krikun, Maxim and Wu, Yonghui and Chen, Zhifeng and Thorat, Nikhil and Vi{\'e}gas, Fernanda and Wattenberg, Martin and Corrado, Greg and others},
  journal={arXiv preprint arXiv:1611.04558},
  year={2016}
}

@article{ammar2016many,
  title={Many languages, one parser},
  author={Ammar, Waleed and Mulcaire, George and Ballesteros, Miguel and Dyer, Chris and Smith, Noah A},
  journal={arXiv preprint arXiv:1602.01595},
  year={2016}
}

@inproceedings{daiber2016universal,
  title={Universal Reordering via Linguistic Typology},
  author={Daiber, Joachim and Stanojevi{\'c}, Milo{\v{s}} and Sima'an, Khalil},
  booktitle={Proceedings of COLING 2016, the 26th International Conference on Computational Linguistics: Technical Papers},
  pages={3167--3176},
  year={2016}
}


@article{ostling2016continuous,
  title={Continuous multilinguality with language vectors},
  author={{\"O}stling, Robert and Tiedemann, J{\"o}rg},
  journal={arXiv preprint arXiv:1612.07486},
  year={2016}
}


@article{vendrov2015order,
  title={Order-embeddings of images and language},
  author={Vendrov, Ivan and Kiros, Ryan and Fidler, Sanja and Urtasun, Raquel},
  journal={arXiv preprint arXiv:1511.06361},
  year={2015}
}

@inproceedings{he2016deep,
  title={Deep residual learning for image recognition},
  author={He, Kaiming and Zhang, Xiangyu and Ren, Shaoqing and Sun, Jian},
  booktitle={Proceedings of the IEEE conference on computer vision and pattern recognition},
  pages={770--778},
  year={2016}
}


@InProceedings{specia-EtAl:2016:WMT,
  author    = {Specia, Lucia  and  Frank, Stella  and  Sima'an, Khalil  and  Elliott, Desmond},
  title     = {A Shared Task on Multimodal Machine Translation and Crosslingual Image Description},
  booktitle = {Proceedings of the First Conference on Machine Translation},
  month     = {August},
  year      = {2016},
  address   = {Berlin, Germany},
  publisher = {Association for Computational Linguistics},
  pages     = {543--553},
  url       = {http://www.aclweb.org/anthology/W/W16/W16-2346}
}


@article{chung2014empirical,
  title={Empirical evaluation of gated recurrent neural networks on sequence modeling},
  author={Chung, Junyoung and Gulcehre, Caglar and Cho, KyungHyun and Bengio, Yoshua},
  journal={arXiv preprint arXiv:1412.3555},
  year={2014}
}


@article{elliott2016multi30k,
  title={Multi30k: Multilingual english-german image descriptions},
  author={Elliott, Desmond and Frank, Stella and Sima'an, Khalil and Specia, Lucia},
  journal={arXiv preprint arXiv:1605.00459},
  year={2016}
}


@article{kiela2017learning,
  title={Learning visually grounded sentence representations},
  author={Kiela, Douwe and Conneau, Alexis and Jabri, Allan and Nickel, Maximilian},
  journal={arXiv preprint arXiv:1707.06320},
  year={2017}
}



@article{van2017cross,
  title={Cross-linguistic differences and similarities in image descriptions},
  author={van Miltenburg, Emiel and Elliott, Desmond and Vossen, Piek},
  journal={arXiv preprint arXiv:1707.01736},
  year={2017}
}


@article{bjerva2017tracking,
  title={Tracking Typological Traits of Uralic Languages in Distributed Language Representations},
  author={Bjerva, Johannes and Augenstein, Isabelle},
  journal={arXiv preprint arXiv:1711.05468},
  year={2017}
}



@book{wals,
  address   = {Leipzig},
  editor    = {Matthew S. Dryer and Martin Haspelmath},
  publisher = {Max Planck Institute for Evolutionary Anthropology},
  title     = {WALS Online},
  url       = {http://wals.info/},
  year      = {2013}
}

@article{tsvetkov2016polyglot,
  title={Polyglot neural language models: A case study in cross-lingual phonetic representation learning},
  author={Tsvetkov, Yulia and Sitaram, Sunayana and Faruqui, Manaal and Lample, Guillaume and Littell, Patrick and Mortensen, David and Black, Alan W and Levin, Lori and Dyer, Chris},
  journal={arXiv preprint arXiv:1605.03832},
  year={2016}
}

@book{phoible,
  address   = {Leipzig},
  editor    = {Steven Moran and Daniel McCloy and Richard Wright},
  publisher = {Max Planck Institute for Evolutionary Anthropology},
  title     = {PHOIBLE Online},
  url       = {http://phoible.org/},
  year      = {2014}
}

@book{lewis2009ethnologue,
  title={Ethnologue: Languages of the world},
  author={Lewis, M Paul and Simons, Gary F and Fennig, Charles D and others},
  volume={16},
  year={2009},
  publisher={SIL international Dallas, TX}
}

@inproceedings{naseem2012selective,
  title={Selective sharing for multilingual dependency parsing},
  author={Naseem, Tahira and Barzilay, Regina and Globerson, Amir},
  booktitle={Proceedings of the 50th Annual Meeting of the Association for Computational Linguistics: Long Papers-Volume 1},
  pages={629--637},
  year={2012},
  organization={Association for Computational Linguistics}
}

@inproceedings{deri2016grapheme,
  title={Grapheme-to-phoneme models for (almost) any language},
  author={Deri, Aliya and Knight, Kevin},
  booktitle={Proceedings of the 54th Annual Meeting of the Association for Computational Linguistics (Volume 1: Long Papers)},
  volume={1},
  pages={399--408},
  year={2016}
}

@inproceedings{littell2017uriel,
  title={URIEL and lang2vec: Representing languages as typological, geographical, and phylogenetic vectors},
  author={Littell, Patrick and Mortensen, David R and Lin, Ke and Kairis, Katherine and Turner, Carlisle and Levin, Lori},
  booktitle={Proceedings of the 15th Conference of the European Chapter of the Association for Computational Linguistics: Volume 2, Short Papers},
  volume={2},
  pages={8--14},
  year={2017}
}

@article{kiros2014unifying,
  title={Unifying visual-semantic embeddings with multimodal neural language models},
  author={Kiros, Ryan and Salakhutdinov, Ruslan and Zemel, Richard S},
  journal={arXiv preprint arXiv:1411.2539},
  year={2014}
}

@inproceedings{rohrbach2016grounding,
  title={Grounding of textual phrases in images by reconstruction},
  author={Rohrbach, Anna and Rohrbach, Marcus and Hu, Ronghang and Darrell, Trevor and Schiele, Bernt},
  booktitle={European Conference on Computer Vision},
  pages={817--834},
  year={2016},
  organization={Springer}
}


@article{kadar2017representation,
  title={Representation of linguistic form and function in recurrent neural networks},
  author={K{\'a}d{\'a}r, Akos and Chrupa{\l}a, Grzegorz and Alishahi, Afra},
  journal={Computational Linguistics},
  volume={43},
  number={4},
  pages={761--780},
  year={2017},
  publisher={MIT Press}
}


@article{calixto2017multilingual,
  title={Multilingual Multi-modal Embeddings for Natural Language Processing},
  author={Calixto, Iacer and Liu, Qun and Campbell, Nick},
  journal={arXiv preprint arXiv:1702.01101},
  year={2017}
}

@article{kingma2014adam,
  title={Adam: A method for stochastic optimization},
  author={Kingma, Diederik P and Ba, Jimmy},
  journal={arXiv preprint arXiv:1412.6980},
  year={2014}
}

@article{malaviya2017learning,
  title={Learning language representations for typology prediction},
  author={Malaviya, Chaitanya and Neubig, Graham and Littell, Patrick},
  journal={arXiv preprint arXiv:1707.09569},
  year={2017}
}

@inproceedings{biblio732461325667051835,
  author    = {Jindrich Libovicky and Jindrich Helcl},
  year      = 2017,
  title     = {Attention Strategies for Multi-Source Sequence-to-Sequence Learning},
  booktitle = {Proceedings of the 55th Annual Meeting of the Association for Computational Linguistics (Volume 2: Short Papers)},
  pages     = {196--202},
  publisher = {Association for Computational Linguistics},
  address   = {Stroudsburg, PA, USA},
  isbn      = {978-1-945626-76-0},
}

@inproceedings{elliott2017findings,
  title={Findings of the second shared task on multimodal machine translation and multilingual image description},
  author={Elliott, Desmond and Frank, Stella and Barrault, Lo{\"\i}c and Bougares, Fethi and Specia, Lucia},
  booktitle = {Proceedings of the Second Conference on Machine Translation, Volume 2: Shared Task Papers},
  year={2017},
  pages{215--233},
  address={Copenhagen, Denmark}
}

@inproceedings{barrault2018findings,
  title={Findings of the third shared task on multimodal machine translation and multilingual image description},
  author={Barrault, Lo{\"\i}c and Frank, Stella and Elliott, Desmond and Specia, Lucia},
  booktitle = {Proceedings of the Third Conference on Machine Translation, Volume 2: Shared Task Papers},
  year={2018},
  address={Brussels, Belgium}
  }

@article{harwath2018vision,
  title={Vision as an Interlingua: Learning Multilingual Semantic Embeddings of Untranscribed Speech},
  author={Harwath, David and Chuang, Galen and Glass, James},
  journal={arXiv preprint arXiv:1804.03052},
  year={2018}
}


@inproceedings{karpathy2015deep,
  title={Deep visual-semantic alignments for generating image descriptions},
  author={Karpathy, Andrej and Fei-Fei, Li},
  booktitle={Proceedings of the IEEE conference on computer vision and pattern recognition},
  pages={3128--3137},
  year={2015}
}

@inproceedings{antol2015vqa,
  title={Vqa: Visual question answering},
  author={Antol, Stanislaw and Agrawal, Aishwarya and Lu, Jiasen and Mitchell, Margaret and Batra, Dhruv and Lawrence Zitnick, C and Parikh, Devi},
  booktitle={Proceedings of the IEEE International Conference on Computer Vision},
  pages={2425--2433},
  year={2015}
}


@article{fukui2016multimodal,
  title={Multimodal compact bilinear pooling for visual question answering and visual grounding},
  author={Fukui, Akira and Park, Dong Huk and Yang, Daylen and Rohrbach, Anna and Darrell, Trevor and Rohrbach, Marcus},
  journal={arXiv preprint arXiv:1606.01847},
  year={2016}
}

@inproceedings{jabri2016revisiting,
  title={Revisiting visual question answering baselines},
  author={Jabri, Allan and Joulin, Armand and van der Maaten, Laurens},
  booktitle={European conference on computer vision},
  pages={727--739},
  year={2016},
  organization={Springer}
}

@article{reed2016generative,
  title={Generative adversarial text to image synthesis},
  author={Reed, Scott and Akata, Zeynep and Yan, Xinchen and Logeswaran, Lajanugen and Schiele, Bernt and Lee, Honglak},
  journal={arXiv preprint arXiv:1605.05396},
  year={2016}
}


@article{baroni2016grounding,
  title={Grounding distributional semantics in the visual world},
  author={Baroni, Marco},
  journal={Language and Linguistics Compass},
  volume={10},
  number={1},
  pages={3--13},
  year={2016},
  publisher={Wiley Online Library}
}

@inproceedings{kiela2014improving,
  title={Improving multi-modal representations using image dispersion: Why less is sometimes more},
  author={Kiela, Douwe and Hill, Felix and Korhonen, Anna and Clark, Stephen},
  booktitle={Proceedings of the 52nd Annual Meeting of the Association for Computational Linguistics (Volume 2: Short Papers)},
  volume={2},
  pages={835--841},
  year={2014}
}

@inproceedings{dolan2004unsupervised,
  title={Unsupervised construction of large paraphrase corpora: Exploiting massively parallel news sources},
  author={Dolan, Bill and Quirk, Chris and Brockett, Chris},
  booktitle={Proceedings of the 20th international conference on Computational Linguistics},
  pages={350},
  year={2004},
  organization={Association for Computational Linguistics}
}

@inproceedings{marelli2014sick,
  title={A SICK cure for the evaluation of compositional distributional semantic models.},
  author={Marelli, Marco and Menini, Stefano and Baroni, Marco and Bentivogli, Luisa and Bernardi, Raffaella and Zamparelli, Roberto and others},
  booktitle={LREC},
  pages={216--223},
  year={2014}
}

@inproceedings{agirre2014semeval,
  title={Semeval-2014 task 10: Multilingual semantic textual similarity},
  author={Agirre, Eneko and Banea, Carmen and Cardie, Claire and Cer, Daniel and Diab, Mona and Gonzalez-Agirre, Aitor and Guo, Weiwei and Mihalcea, Rada and Rigau, German and Wiebe, Janyce},
  booktitle={Proceedings of the 8th international workshop on semantic evaluation (SemEval 2014)},
  pages={81--91},
  year={2014}
}

@inproceedings{agirre2015semeval,
  title={Semeval-2015 task 2: Semantic textual similarity, english, spanish and pilot on interpretability},
  author={Agirre, Eneko and Banea, Carmen and Cardie, Claire and Cer, Daniel and Diab, Mona and Gonzalez-Agirre, Aitor and Guo, Weiwei and Lopez-Gazpio, Inigo and Maritxalar, Montse and Mihalcea, Rada and others},
  booktitle={Proceedings of the 9th international workshop on semantic evaluation (SemEval 2015)},
  pages={252--263},
  year={2015}
}



@book{paivio1990mental,
  title={Mental representations: A dual coding approach},
  author={Paivio, Allan},
  year={1990},
  publisher={Oxford University Press}
}


@article{anderson2017visually,
  title={Visually grounded and textual semantic models differentially decode brain activity associated with concrete and abstract nouns},
  author={Anderson, Andrew J and Kiela, Douwe and Clark, Stephen and Poesio, Massimo},
  journal={Transactions of the Association of Computational Linguistics},
  volume={5},
  number={1},
  pages={17--30},
  year={2017}
}

@inproceedings{vinyals2015show,
  title={Show and tell: A neural image caption generator},
  author={Vinyals, Oriol and Toshev, Alexander and Bengio, Samy and Erhan, Dumitru},
  booktitle={Computer Vision and Pattern Recognition (CVPR), 2015 IEEE Conference on},
  pages={3156--3164},
  year={2015},
  organization={IEEE}
}

@inproceedings{xu2015show,
  title={Show, attend and tell: Neural image caption generation with visual attention},
  author={Xu, Kelvin and Ba, Jimmy and Kiros, Ryan and Cho, Kyunghyun and Courville, Aaron and Salakhudinov, Ruslan and Zemel, Rich and Bengio, Yoshua},
  booktitle={International Conference on Machine Learning},
  pages={2048--2057},
  year={2015}
}


@article{mao2014deep,
  title={Deep captioning with multimodal recurrent neural networks (m-rnn)},
  author={Mao, Junhua and Xu, Wei and Yang, Yi and Wang, Jiang and Huang, Zhiheng and Yuille, Alan},
  journal={arXiv preprint arXiv:1412.6632},
  year={2014}
}


@inproceedings{lin2014microsoft,
  title={Microsoft coco: Common objects in context},
  author={Lin, Tsung-Yi and Maire, Michael and Belongie, Serge and Hays, James and Perona, Pietro and Ramanan, Deva and Doll{\'a}r, Piotr and Zitnick, C Lawrence},
  booktitle={European conference on computer vision},
  pages={740--755},
  year={2014},
  organization={Springer}
}

@InProceedings{P16-1168,
  author = "Miyazaki, Takashi and Shimizu, Nobuyuki",
  title = "Cross-Lingual Image Caption Generation",
  booktitle = "Proceedings of the 54th Annual Meeting of the Association for Computational Linguistics (Volume 1: Long Papers)",
  year = "2016",
  publisher = "Association for Computational Linguistics",
  pages = "1780--1790",
  location = "Berlin, Germany",
  doi = "10.18653/v1/P16-1168",
  url = "http://aclweb.org/anthology/P16-1168"
}

@article{chung2016character,
  title={A character-level decoder without explicit segmentation for neural machine translation},
  author={Chung, Junyoung and Cho, Kyunghyun and Bengio, Yoshua},
  journal={arXiv preprint arXiv:1603.06147},
  year={2016}
}

@article{nakayama2017zero,
  title={Zero-resource machine translation by multimodal encoder--decoder network with multimedia pivot},
  author={Nakayama, Hideki and Nishida, Noriki},
  journal={Machine Translation},
  volume={31},
  number={1-2},
  pages={49--64},
  year={2017},
  publisher={Springer}
}

@inproceedings{funaki2015image,
  title={Image-mediated learning for zero-shot cross-lingual document retrieval},
  author={Funaki, Ruka and Nakayama, Hideki},
  booktitle={Proceedings of the 2015 Conference on Empirical Methods in Natural Language Processing},
  pages={585--590},
  year={2015}
}

@article{rajendran2015bridge,
  title={Bridge correlational neural networks for multilingual multimodal representation learning},
  author={Rajendran, Janarthanan and Khapra, Mitesh M and Chandar, Sarath and Ravindran, Balaraman},
  journal={arXiv preprint arXiv:1510.03519},
  year={2015}
}



@inproceedings{kiela2014learning,
  title={Learning image embeddings using convolutional neural networks for improved multi-modal semantics},
  author={Kiela, Douwe and Bottou, L{\'e}on},
  booktitle={Proceedings of the 2014 Conference on Empirical Methods in Natural Language Processing (EMNLP)},
  pages={36--45},
  year={2014}
}


@article{kadar2015learning,
  title={Learning word meanings from images of natural scenes},
  author={K{\'a}d{\'a}r, {\'A}kos and Alishahi, Afra and Chrupa{\l}a, Grzegorz},
  journal={Traitement Automatique des Langues},
  year={2015},
    volume={55},
  number={3},
}

@inproceedings{lazaridou2016multimodal,
  title={Multimodal semantic learning from child-directed input},
  author={Lazaridou, Angeliki and Chrupa{\l}a, Grzegorz and Fern{\'a}ndez, Raquel and Baroni, Marco},
  booktitle={Proceedings of the 2016 Conference of the North American Chapter of the Association for Computational Linguistics: Human Language Technologies},
  pages={387--392},
  year={2016}
}


@article{hill2015simlex,
  title={Simlex-999: Evaluating semantic models with (genuine) similarity estimation},
  author={Hill, Felix and Reichart, Roi and Korhonen, Anna},
  journal={Computational Linguistics},
  volume={41},
  number={4},
  pages={665--695},
  year={2015},
  publisher={MIT Press}
}

@inproceedings{silberer2014learning,
  title={Learning grounded meaning representations with autoencoders},
  author={Silberer, Carina and Lapata, Mirella},
  booktitle={Proceedings of the 52nd Annual Meeting of the Association for Computational Linguistics (Volume 1: Long Papers)},
  volume={1},
  pages={721--732},
  year={2014}
}

@inproceedings{finkelstein2001placing,
  title={Placing search in context: The concept revisited},
  author={Finkelstein, Lev and Gabrilovich, Evgeniy and Matias, Yossi and Rivlin, Ehud and Solan, Zach and Wolfman, Gadi and Ruppin, Eytan},
  booktitle={Proceedings of the 10th international conference on World Wide Web},
  pages={406--414},
  year={2001},
  organization={ACM}
}

@inproceedings{kottur2016visualword2vec,
  title={Visualword2vec (vis-w2v): Learning visually grounded word embeddings using abstract scenes},
  author={Kottur, Satwik and Vedantam, Ramakrishna and Moura, Jos{\'e} MF and Parikh, Devi},
  booktitle={Computer Vision and Pattern Recognition (CVPR), 2016 IEEE Conference on},
  pages={4985--4994},
  year={2016},
  organization={IEEE}
}

@inproceedings{chrupala2015learning,
  title={Learning language through pictures},
  author={Chrupa{\l}a, Grzegorz and K{\'a}d{\'a}r, {\'A}kos and Alishahi, Afra},
  booktitle={Proceedings of the 53rd Annual Meeting of the Association for Computational Linguistics and the 7th International Joint Conference on Natural Language Processing (Volume 2: Short Papers)},
  volume={2},
  pages={112--118},
  year={2015}
}




@inproceedings{barman2014code,
  title={Code mixing: A challenge for language identification in the language of social media},
  author={Barman, Utsab and Das, Amitava and Wagner, Joachim and Foster, Jennifer},
  booktitle={Proceedings of the first workshop on computational approaches to code switching},
  pages={13--23},
  year={2014}
}

@inproceedings{peters2017massively,
  title={Massively multilingual neural grapheme-to-phoneme conversion},
  author={Peters, Ben and Dehdari, Jon and van Genabith, Josef},
  booktitle={Proceedings of the First Workshop on Building Linguistically Generalizable NLP Systems},
  pages={19--26},
  year={2017}
}

@inproceedings{deri2016grapheme,
  title={Grapheme-to-phoneme models for (almost) any language},
  author={Deri, Aliya and Knight, Kevin},
  booktitle={Proceedings of the 54th Annual Meeting of the Association for Computational Linguistics (Volume 1: Long Papers)},
  volume={1},
  pages={399--408},
  year={2016}
}



@article{nivre2015universal,
  title={Universal Dependencies 1.2},
  author={Nivre, Joakim and Agi{\'c}, {\v{Z}}eljko and Aranzabe, Maria Jesus and Asahara, Masayuki and Atutxa, Aitziber and Ballesteros, Miguel and Bauer, John and Bengoetxea, Kepa and Bhat, Riyaz Ahmad and Bosco, Cristina and others},
  year={2015},
  publisher={Universal Dependencies Consortium}
}

%% REFS FOR TAL



@article{BrownPPM94,
  title={The mathematics of statistical machine translation: Parameter estimation},
  author={Brown, Peter F and Pietra, Vincent J Della and Pietra, Stephen A Della and Mercer, Robert L},
  journal={Computational linguistics},
  volume={19},
  number={2},
  pages={263--311},
  year={1993},
  publisher={MIT Press}
}
%%%%%%%%%%%%%%%%%%%%%%%%%
% WORD SIMILARITY SETS %%\documentclass{article-hermes}

%%%%%%%%%%%%%%%%%%%%%%%%
% WS-353

@inproceedings{wordsim353,
  title={Placing search in context: The concept revisited},
  author={Finkelstein, Lev and Gabrilovich, Evgeniy and Matias, Yossi and Rivlin, Ehud and Solan, Zach and Wolfman, Gadi and Ruppin, Eytan},
  booktitle={Proceedings of the 10th international conference on World Wide Web},
  pages={406--414},
  year={2001},
  organization={ACM}
}

% MC
@article{miller1991contextual,
  title={Contextual correlates of semantic similarity},
  author={Miller, George A and Charles, Walter G},
  journal={Language and Cognitive Processes},
  volume={6},
  number={1},
  pages={1--28},
  year={1991},
  publisher={Taylor \& Francis}
}

% RG
@article{rubenstein1965contextual,
  title={Contextual correlates of synonymy},
  author={Rubenstein, Herbert and Goodenough, John B},
  journal={Communications of the ACM},
  volume={8},
  number={10},
  pages={627--633},
  year={1965},
  publisher={ACM}
}

% MEN-TR-3k
@article{bruni2014multimodal,
  title={Multimodal distributional semantics},
  author={Bruni, Elia and Tran, Nam-Khanh and Baroni, Marco},
  journal={J. Artif. Intell. Res(JAIR)},
  volume={49},
  pages={1--47},
  year={2014}
}


% YP-130
@book{yang2006verb,
  title={Verb Similarity on the Taxonomy of WordNet},
  author={Yang, Dongqiang and Powers, David MW},
  year={2006},
  publisher={Citeseer}
}

% MTURK 221
@inproceedings{radinsky2011word,
  title={A word at a time: computing word relatedness using temporal semantic analysis},
  author={Radinsky, Kira and Agichtein, Eugene and Gabrilovich, Evgeniy and Markovitch, Shaul},
  booktitle={Proceedings of the 20th International Conference on World Wide Web},
  pages={337--346},
  year={2011},
  organization={ACM}
}

% SimLex 999
@article{hill2014simlex,
  title={Simlex-999: Evaluating semantic models with (genuine) similarity estimation},
  author={Hill, Felix and Reichart, Roi and Korhonen, Anna},
  journal={arXiv preprint arXiv:1408.3456},
  year={2014}
}

% Featurenorms
@article{mcrae2005semantic,
  title={Semantic feature production norms for a large set of living and nonliving things},
  author={McRae, Ken and Cree, George S and Seidenberg, Mark S and McNorgan, Chris},
  journal={Behavior research methods},
  volume={37},
  number={4},
  pages={547--559},
  year={2005},
  publisher={Springer}
}


% Free Association Norms (Concreteness)
@article{nelsonuniversity,
  title={The University of South Florida word association, rhyme, and word fragment norms. 1998 http://www. usf. edu},
  author={Nelson, DL and McEvoy, CL and Schreiber, TA},
  journal={FreeAssociation.[PubMed]},
  year = {1998}
}





%%%%%%% MODELS %%%%%%%%%%%%%%%
% word2vec
@article{mikolov2013efficient,
  title={Efficient estimation of word representations in vector space},
  author={Mikolov, Tomas and Chen, Kai and Corrado, Greg and Dean, Jeffrey},
  journal={arXiv preprint arXiv:1301.3781},
  year={2013}
}

@inproceedings{mikolov2013distributed,
  title={Distributed representations of words and phrases and their compositionality},
  author={Mikolov, Tomas and Sutskever, Ilya and Chen, Kai and Corrado, Greg S and Dean, Jeff},
  booktitle={Advances in Neural Information Processing Systems},
  pages={3111--3119},
  year={2013}
}



@article{louwerse2011symbol,
  title={Symbol interdependency in symbolic and embodied cognition},
  author={Louwerse, Max M},
  journal={Topics in Cognitive Science},
  volume={3},
  number={2},
  pages={273--302},
  year={2011},
  publisher={Wiley Online Library}
}


@inproceedings{turney2011literal,
  title={Literal and metaphorical sense identification through concrete and abstract context},
  author={Turney, Peter D and Neuman, Yair and Assaf, Dan and Cohen, Yohai},
  booktitle={Proceedings of the 2011 Conference on the Empirical Methods in Natural Language Processing},
  pages={680--690},
  year={2011}
}

@article{simonyan2014very,
  title={Very deep convolutional networks for large-scale image recognition},
  author={Simonyan, Karen and Zisserman, Andrew},
  journal={arXiv preprint arXiv:1409.1556},
  year={2014}
}

@article{jia2014caffe,
  Author = {Jia, Yangqing and Shelhamer, Evan and Donahue, Jeff and Karayev, Sergey and Long, Jonathan and Girshick, Ross and Guadarrama, Sergio and Darrell, Trevor},
  Journal = {arXiv preprint arXiv:1408.5093},
  Title = {Caffe: Convolutional architecture for fast feature embedding},
  Year = {2014}
}

%%%%%%%%%%%%%%%%%%%%%%%%%%%%%%%%%%%%%%%
% CROSS-SITUATIONAL WORD LEARNING
%%%%%%%%%%%%%%%%%%%%%%%%%%%%%%%%%%%%%%%

@book{Quine1960,
	Address = {Cambridge, MA},
	Author = {Quine, W.},
	Publisher = {Cambridge University Press},
	Title = {{Word and Object}},
	Year = {1960}}

@incollection{Carey1978,
	author 	= "Susan Carey",
	title 	= "The child as word learner",
	editor  = "M. Halle and J. Bresnan and G. A. Miller",
    booktitle = "Linguistic Theory and Psychological Reality",
    publisher = "The MIT Press",
    year    = "1978",
}

@book{pinker.89,
  author = "Steven Pinker",
  title = "Learnability and Cognition: The Acquisition of Argument Structure",
  year = "1989",
  publisher = "Cambridge, {MA: MIT P}ress",
}

@book{macwhinney.95,
  author = "B. Mac{W}hinney",
  title = "The {CHILDES} Project: Tools for Analyzing Talk",
  publisher = "Hillsdale, {NJ}: {L}awrence {E}rlbaum {A}ssociates",
  year = "1995",
  edition = "second",
}

@inproceedings{yurovsky.yu.08,
	author	= "Daniel Yurovsky and Chen Yu",
	title	= "Mutual Exclusivity in Cross-Situational Learning",
    booktitle = "Proceedings of the 30{\it th} Annual Conference of the Cognitive Science Society",
    year    = "2008",
}

@inproceedings{yurovsky.etal.12,
	author	= "Daniel Yurovsky and Richardo A.H. Bion and Linda B. Smith and Anne Fernald",
	title	= "Mutual Exclusivity and Vocabulary Structure",
    booktitle = "Proceedings of the 34{\it th} Annual Conference of the Cognitive Science Society",
    year    = "2012",
}

@inproceedings{yu.etal.07,
	author	= "Chen Yu and Linda B. Smith and Krystal A. Klein and Richard M. Shiffrin",
	title	= "Hypothesis Testing and Associative Learning in Cross-situational Word Learning: Are They One and the Same?",
	booktitle = "Proceedings of the 29{\it th} Annual Conference of the Cognitive Science Society",
	year	= "2007",
	pages	= "737--742",
}

@article{smith.yu.08,
	author	= "Linda B. Smith and Chen Yu",
	title	= "Infants rapidly learn word--referent mappings via cross-situational statistics",
	journal = "Cognition",
	year	= "2008",
	volume	= "106",
	number	= "3",
	pages	= "1558--1568",
}

@article{yu.smith.07,
	author	= "Chen Yu and Linda B. Smith",
	title	= "Rapid word learning under uncertainty via cross-situational statistics",
	journal = "Psychological Science",
	year	= "2007",
	volume	= "18",
	number	= "5",
	pages	= "414",
}

@article{ksmith.etal.11,
	author	= "Kenny Smith and Andrew D.M. Smith and Richard A. Blythe",
	title	= "Cross-situational Learning: An Experimental Study of Word-Learning Mechanisms",
	journal	= "Cognitive Science: A Multidisciplinary Journal",
	volume	= "35",
	pages	= "480--498",
	year	= "2011",
}

@article{vouloumanos.werker.09,
	author	= "Athena Vouloumanos and Janet F. Werker",
	title	= "Infants' learning of novel words in a stochastic environment",
	year	= "2009",
	journal	= "Developmental Psychology",
	volume	= "45",
	pages	= "1611--1617",
}

@article{vouloumanos.08,
	author	= "Athena Vouloumanos",
	title	= " Fine-grained sensitivity to statistical information in adult word learning",
	year	= "2008",
	journal	= "Cognition",
	volume	= "107",
	pages	= "729--742",
}


@article{yu2007unified,
  title={A unified model of early word learning: Integrating statistical and social cues},
  author={Yu, Chen and Ballard, Dana H},
  journal={Neurocomputing},
  volume={70},
  number={13},
  pages={2149--2165},
  year={2007},
  publisher={Elsevier}
}

%%%%%%%%%%%%%%%%%%%%%%%%%%%%%%%%%%%%%%%
% COMPUTATIONAL COGNITIVE WL MODELS
%%%%%%%%%%%%%%%%%%%%%%%%%%%%%%%%%%%%%%%

@article{siskind.96,
	Author = {Siskind, J M},
	Journal = {Cognition},
	Number = {1-2},
	Pages = {39--91},
	Title = {{A computational study of cross-situational techniques for learning word-to-meaning mappings}},
	Volume = {61},
	Year = {1996},
	}

@article{regier.05,
   author  = "Terry Regier",
   title   = "The emergence of words: Attentional learning in form
and meaning",
   journal = "Cognitive Science: A Multidisciplinary Journal",
   volume  = "29",
   pages   = "819--865",
   year    = "2005",
}

@article{Li.etal.2004,
	author	= "Ping Li and Igor Farkas and Brian Mac{W}hinney",
	title	= "Early lexical development in a self-organizing neural network",
	journal	= "Neural Networks",
	volume	= "17",
	year	= "2004",
	pages	= "1345--1362",
	comment	= "syntactic category learning, lexical confusion, age of acquisition",
}

@article{yu.08,
	author	= "Chen Yu",
	title	= "A Statistical associative account of vocabulary growth in early word learning",
    journal = "Language Learning and Development",
	volume	= "4",
	number	= "1",
	pages	= "32--62",
    year    = "2008",
}

@article{fazly.etal.10csj,
	author	= "Afsaneh Fazly and Afra Alishahi and Suzanen Stevenson",
	title	= "A probabilistic computational model of cross-situational word learning",
	journal	= "Cognitive Science: A Multidisciplinary Journal",
	volume	= "34",
	number	= "6",
	pages	= "1017--1063",
	year	= "2010",
}

@inproceedings{fazly.etal.10,
	author	= "Afsaneh Fazly and Fatemeh Ahmadi-fakhr and Afra Alishahi and Suzanne Stevenson",
	year	= "2010",
	title	= "Cross-situational learning of low frequency words: The role of context familiarity and age of exposure",
	booktitle = "Proceedings of the 32{\it nd} Annual Conference of the Cognitive Science Society",
	pages	= "2615--20",
}

@article{alishahi.etal.12,
	author	= "Afra Alishahi and Afsaneh Fazly and Judith Koehne and Matthew Crocker",
	title	= "Sentence-based attentional mechanisms in word learning: Evidence from a computational model",
	journal	= "Frontiers in Developmental Psychology",
	year	= "2012",
}

@inproceedings{frank.etal.07,
	author  = "Michael C. Frank and Noah D. Goodman and Joshua B. Tenenbaum",
    title   = "A {Bayesian} framework for cross-situational word-learning",
    booktitle = "Advances in Neural Information Processing Systems",
    volume  = "20",
    year    = "2007",
}


@article{frank.etal.09,
    author = {Michael C. Frank and Noah D. Goodman and Joshua B. Tenenbaum},
    title = "Using Speakers' Referential Intentions to Model Early Cross-Situational Word Learning",
    pages = {578--585},
    journal = {Psychological Science},
    volume = {20},
	number	= "5",
    year = {2009}
}

@book{macwhinney2014childes,
  title={The CHILDES Project: Tools for Analyzing Talk, Volume I: Transcription Format and Programs},
  author={MacWhinney, Brian},
  year={2014},
  publisher={Psychology Press}
}

@inproceedings{matusevych2013automatic,
  title={Automatic generation of naturalistic child--adult interaction data},
  author={Matusevych, Yevgen and Alishahi, Afra and Vogt, Paul},
  booktitle={Proceedings of the 35th Annual Meeting of the Cognitive Science Society. Austin, TX: Cognitive Science Society},
  pages={2996--3001},
  year={2013}
}

@inproceedings{beekhuizen2013word,
  title={Word learning in the wild: What natural data can tell us},
  author={Beekhuizen, Barend and Fazly, Afsaneh and Nematzadeh, Aida and Stevenson, Suzanne},
  booktitle={Proceedings of the 35th Annual Meeting of the Cognitive Science Society. Austin, TX: Cognitive Science Society},
  year={2013}
}

@book{fellbaum1998wordnet,
  title={WordNet},
  author={Fellbaum, Christiane},
  year={1998},
  publisher={Wiley Online Library}
}

%%%% CAPTIONING %%%%%
@article{young2014image,
  title={From image descriptions to visual denotations: New similarity metrics for semantic inference over event descriptions},
  author={Young, Peter and Lai, Alice and Hodosh, Micah and Hockenmaier, Julia},
  journal={Transactions of the Association for Computational Linguistics},
  volume={2},
  pages={67--78},
  year={2014}
}



@article{karpathy2014deep,
  title={Deep visual-semantic alignments for generating image descriptions},
  author={Karpathy, Andrej and Fei-Fei, Li},
  journal={arXiv preprint arXiv:1412.2306},
  year={2014}
}

@article{mao2014explain,
  title={Explain images with multimodal recurrent neural networks},
  author={Mao, Junhua and Xu, Wei and Yang, Yi and Wang, Jiang and Yuille, Alan L},
  journal={arXiv preprint arXiv:1410.1090},
  year={2014}
}

@article{kiros2014unifying,
  title={Unifying visual-semantic embeddings with multimodal neural language models},
  author={Kiros, Ryan and Salakhutdinov, Ruslan and Zemel, Richard S},
  journal={arXiv preprint arXiv:1411.2539},
  year={2014}
}
@article{donahue2014long,
  title={Long-term recurrent convolutional networks for visual recognition and description},
  author={Donahue, Jeff and Hendricks, Lisa Anne and Guadarrama, Sergio and Rohrbach, Marcus and Venugopalan, Subhashini and Saenko, Kate and Darrell, Trevor},
  journal={arXiv preprint arXiv:1411.4389},
  year={2014}
}

@article{vinyals2014show,
  title={Show and tell: A neural image caption generator},
  author={Vinyals, Oriol and Toshev, Alexander and Bengio, Samy and Erhan, Dumitru},
  journal={arXiv preprint arXiv:1411.4555},
  year={2014}
}
@article{venugopalan2014translating,
  title={Translating videos to natural language using deep recurrent neural networks},
  author={Venugopalan, Subhashini and Xu, Huijuan and Donahue, Jeff and Rohrbach, Marcus and Mooney, Raymond and Saenko, Kate},
  journal={arXiv preprint arXiv:1412.4729},
  year={2014}
}
@article{chen2014learning,
  title={Learning a recurrent visual representation for image caption generation},
  author={Chen, Xinlei and Zitnick, C Lawrence},
  journal={arXiv preprint arXiv:1411.5654},
  year={2014}
}
@article{fang2014captions,
  title={From captions to visual concepts and back},
  author={Fang, Hao and Gupta, Saurabh and Iandola, Forrest and Srivastava, Rupesh and Deng, Li and Doll{\'a}r, Piotr and Gao, Jianfeng and He, Xiaodong and Mitchell, Margaret and Platt, John and others},
  journal={arXiv preprint arXiv:1411.4952},
  year={2014}
}

@article{ILSVRCarxiv14,
Author = {Olga Russakovsky and Jia Deng and Hao Su and Jonathan Krause and Sanjeev Satheesh and Sean Ma and Zhiheng Huang and Andrej Karpathy and Aditya Khosla and Michael Bernstein and Alexander C. Berg and Li Fei-Fei},
Title = {ImageNet large scale visual recognition challenge},
Year = {2014},
journal = {arXiv preprint arXiv:1409.0575},
}


@inproceedings{deng2009imagenet,
  title={Imagenet: A large-scale hierarchical image database},
  author={Deng, Jia and Dong, Wei and Socher, Richard and Li, Li-Jia and Li, Kai and Fei-Fei, Li},
  booktitle={Computer Vision and Pattern Recognition, 2009. CVPR 2009. IEEE Conference on},
  pages={248--255},
  year={2009},
  organization={IEEE}
}

@inproceedings{alishahi2012concurrent,
  title={Concurrent acquisition of word meaning and lexical categories},
  author={Alishahi, Afra and Chrupa{\l}a, Grzegorz},
  booktitle={Proceedings of the 2012 Joint Conference on Empirical Methods in Natural Language Processing and Computational Natural Language Learning},
  pages={643--654},
  year={2012},
  organization={Association for Computational Linguistics}
}

@article{hochreiter1997long,
  title={Long short-term memory},
  author={Hochreiter, Sepp and Schmidhuber, J{\"u}rgen},
  journal={Neural Computation},
  volume={9},
  number={8},
  pages={1735--1780},
  year={1997},
  publisher={MIT Press}
}

@article{szegedy2014going,
  title={Going deeper with convolutions},
  author={Szegedy, Christian and Liu, Wei and Jia, Yangqing and Sermanet, Pierre and Reed, Scott and Anguelov, Dragomir and Erhan, Dumitru and Vanhoucke, Vincent and Rabinovich, Andrew},
  journal={arXiv preprint arXiv:1409.4842},
  year={2014}
}

@inproceedings{skocaj2011system,
	Author = {Skocaj, Danijel and Kristan, Matej and Vrecko, Alen and Mahnic, Marko and Janicek, Miroslav and Kruijff, Geert-Jan M and Hanheide, Marc and Hawes, Nick and Keller, Thomas and Zillich, Michael and others},
	Booktitle = {Intelligent Robots and Systems (IROS), 2011 IEEE/RSJ International Conference on},
	Organization = {IEEE},
	Pages = {3387--3394},
	Title = {A system for interactive learning in dialogue with a tutor},
	Year = {2011}}

@article{steels2005coordinating,
	Author = {Steels, Luc and Belpaeme, Tony and others},
	Journal = {Behavioral and brain sciences},
	Number = {4},
	Pages = {469--488},
	Publisher = {Cambridge Univ Press},
	Title = {Coordinating perceptually grounded categories through language: A case study for colour},
	Volume = {28},
	Year = {2005}}

@inproceedings{FleischmanRoy2005,
  author = "Michael Fleischman and Deb Roy",
  year = "2005",
  title = "Intentional context in situated language learning",
  booktitle = "9th Conference on Computational Natural Language Learning",
}

%% DATASETS
@inproceedings{rashtchian2010collecting,
  title={Collecting image annotations using Amazon's mechanical turk},
  author={Rashtchian, Cyrus and Young, Peter and Hodosh, Micah and Hockenmaier, Julia},
  booktitle={Proceedings of the NAACL HLT 2010 Workshop on Creating Speech and Language Data with Amazon's Mechanical Turk},
  pages={139--147},
  year={2010},
  organization={Association for Computational Linguistics}
}


%%%%%%%
%COgsci
%%%%%%

@article{recchia2012semantic,
  title={The semantic richness of abstract concepts},
  author={Recchia, Gabriel and Jones, Michael N},
  journal={Frontiers in Human Neuroscience},
  volume={6},
  year={2012},
  publisher={Frontiers Media SA}
}

@article{lazaridou2015combining,
  title={Combining language and vision with a multimodal skip-gram model},
  author={Lazaridou, Angeliki and Pham, Nghia The and Baroni, Marco},
  journal={arXiv preprint arXiv:1501.02598},
  year={2015}
}


%% REFS FOR IJCNLP

@article{Freitag2016,
  author    = {Markus Freitag and
               Yaser Al{-}Onaizan},
  title     = {Fast Domain Adaptation for Neural Machine Translation},
  journal   = {CoRR},
  volume    = {abs/1612.06897},
  year      = {2016},
}

@inproceedings{chrupala2017representations,
  title={Representations of language in a model of visually grounded speech signal},
  author={Chrupa{\l}a, Grzegorz and Gelderloos, Lieke and Alishahi, Afra},
  booktitle={Proceedings of the 55th Annual Meeting of the Association for Computational Linguistics (Volume 1: Long Papers)},
  volume={1},
  pages={613--622},
  year={2017}
}


@article{Graham2017,
  title={Can machine translation systems be evaluated by the crowd alone},
  volume={23},
  number={1},
  journal={Natural Language Engineering},
  publisher={Cambridge University Press},
  author={Graham, Yvette and Baldwin, Timothy and Moffat, Alistair and Zobel, Justin},
  year={2017},
  pages={3–30}
}


@InProceedings{Elliott2017,
  author    = {Elliott, Desmond  and  Frank, Stella  and  Barrault, Lo\"{i}c  and  Bougares, Fethi  and  Specia, Lucia},
  title     = {Findings of the Second Shared Task on Multimodal Machine Translation and Multilingual Image Description},
  booktitle = {Proceedings of the Second Conference on Machine Translation, Volume 2: Shared Task Papers},
  month     = {September},
  year      = {2017},
  address   = {Copenhagen, Denmark},
  publisher = {Association for Computational Linguistics},
  pages     = {215--233},
}


@article{Vendrov2016,
  title={Order-embeddings of images and language},
  author={Vendrov, Ivan and Kiros, Ryan and Fidler, Sanja and Urtasun, Raquel},
  journal={ICLR},
  year={2016}
}

@article{Schuster1997,
  title={Bidirectional recurrent neural networks},
  author={Schuster, Mike and Paliwal, Kuldip K},
  journal={IEEE Transactions on Signal Processing},
  volume={45},
  number={11},
  pages={2673--2681},
  year={1997},
}

@article{Klejch2015,
  title={MT-ComparEval: Graphical evaluation interface for Machine Translation development},
  author={Klejch, Ond{\v{r}}ej and Avramidis, Eleftherios and Burchardt, Aljoscha and Popel, Martin},
  journal={The Prague Bulletin of Mathematical Linguistics},
  volume={104},
  number={1},
  pages={63--74},
  year={2015}
}

@InProceedings{Sennrich2016b,
  author    = {Sennrich, Rico  and  Haddow, Barry  and  Birch, Alexandra},
  title     = {Improving Neural Machine Translation Models with Monolingual Data},
  booktitle = {Proceedings of the 54th Annual Meeting of the Association for Computational Linguistics},
  year      = {2016},
  pages     = {86--96},
}

@ARTICLE{Sennrich2017,
   author = {{Sennrich}, R. and {Firat}, O. and {Cho}, K. and {Birch}, A. and
	{Haddow}, B. and {Hitschler}, J. and {Junczys-Dowmunt}, M. and
	{L{\"a}ubli}, S. and {Valerio Miceli Barone}, A. and {Mokry}, J. and
	{N{\u a}dejde}, M.},
    title = "{Nematus: a Toolkit for Neural Machine Translation}",
  booktitle = {Proceedings of the Software Demonstrations of the 15th Conference of the European Chapter of the Association for Computational Linguistics},
  pages     = {65--68},
     year = 2017,
}

@InProceedings{Gelderloos2016,
  author    = {Gelderloos, Lieke  and  Chrupa{\l}a, Grzegorz},
  title     = {From phonemes to images: levels of representation in a recurrent neural model of visually-grounded language learning},
  booktitle = {Proceedings of COLING 2016, the 26th International Conference on Computational Linguistics},
  year      = {2016},
  pages     = {1309--1319}
}


@InProceedings{Cummins2016,
  author    = {Cummins, Ronan  and  Zhang, Meng  and  Briscoe, Ted},
  title     = {Constrained Multi-Task Learning for Automated Essay Scoring},
  booktitle = {Proceedings of the 54th Annual Meeting of the Association for Computational Linguistics (Volume 1: Long Papers)},
  year      = {2016},
  pages     = {789--799},
}

@InProceedings{Firat2016,
  author    = {Firat, O.  and  Cho, K.  and  Bengio, Y.},
  title     = {Multi-Way, Multilingual Neural Machine Translation with a Shared Attention Mechanism},
  booktitle = {Proceedings of the 2016 Conference of the North American Chapter of the Association for Computational Linguistics: Human Language Technologies},
  year      = {2016},
  pages     = {866--875},
}


@inproceedings{Schuster2012,
  title={Japanese and korean voice search},
  author={Schuster, Mike and Nakajima, Kaisuke},
  booktitle={2012 IEEE International Conference on Acoustics, Speech and Signal Processing (ICASSP)},
  pages={5149--5152},
  year={2012},
}

@InProceedings{Tiedemann2012,
  author = {Jörg Tiedemann},
  title = {Parallel Data, Tools and Interfaces in OPUS},
  booktitle = {Eight International Conference on Language Resources and Evaluation (LREC'12)},
  year = {2012},
}

@article{Chen2015,
  author    = {Xinlei Chen and
               Hao Fang and
               Tsung{-}Yi Lin and
               Ramakrishna Vedantam and
               Saurabh Gupta and
               Piotr Doll{\'{a}}r and
               C. Lawrence Zitnick},
  title     = {Microsoft {COCO} Captions: Data Collection and Evaluation Server},
  journal   = {CoRR},
  volume    = {abs/1504.00325},
  year      = {2015}
}

@article{Nakayama2016,
  author    = {Hideki Nakayama and
               Noriki Nishida},
  title     = {Zero-resource Machine Translation by Multimodal Encoder-decoder Network
               with Multimedia Pivot},
  journal={Machine Translation},
  volume={31},
  number={1-2},
  pages={49--64},
  year={2017},
}

@inproceedings{zhang2016variational,
  title={Variational Neural Machine Translation},
  author    = {Zhang, Biao  and  Xiong, Deyi  and  su, jinsong  and  Duan, Hong  and  Zhang, Min},
  booktitle = {Proceedings of the 2016 Conference on Empirical Methods in Natural Language Processing},
  year      = {2016},
  pages     = {521--530},
}

@article{Caruana1997,
author="Caruana, Rich",
title="Multitask Learning",
journal="Machine Learning",
year="1997",
volume="28",
number="1",
pages="41--75"
}

@inproceedings{Plank2016,
  title={Keystroke dynamics as signal for shallow syntactic parsing},
  author={Plank, Barbara},
  booktitle={26th International Conference on Computational Linguistics},
  year={2016},
  pages={609--619}
}

@inproceedings{Pasunuru2017,
   author = {{Pasunuru}, R. and {Bansal}, M.},
    title = "{Multi-Task Video Captioning with Video and Entailment Generation}",
  booktitle = 	"Proceedings of the 55th Annual Meeting of the Association for Computational Linguistics (Volume 1: Long Papers)",
  pages = 	"1273--1283",
     year = 2017,
}

@inproceedings{Collell2017,
  title={Imagined visual representations as multimodal embeddings},
  author={Collell, Guillem and Zhang, Teddy and Moens, Marie-Francine},
  booktitle={Proceedings of the Thirty-First AAAI Conference on Artificial Intelligence (AAAI-17)},
  year={2017},
  pages={4378--4384}
}

@inproceedings{Srivastava2015,
  title={{Unsupervised learning of video representations using LSTMs}},
  author={Srivastava, Nitish and Mansimov, Elman and Salakhudinov, Ruslan},
  booktitle={International Conference on Machine Learning},
  pages={843--852},
  year={2015}
}

@InProceedings{Klerke2016,
  author    = {Klerke, Sigrid  and  Goldberg, Yoav  and  S{\o}gaard, Anders},
  title     = {Improving sentence compression by learning to predict gaze},
  booktitle = {Proceedings of the 2016 Conference of the North American Chapter of the Association for Computational Linguistics: Human Language Technologies},
  year      = {2016},
  pages     = {1528--1533},
}

@article{Kadar2016,
  title={Representation of linguistic form and function in recurrent neural networks},
  author={K{\'a}d{\'a}r, Akos and Chrupa{\l}a, Grzegorz and Alishahi, Afra},
  journal={arXiv preprint arXiv:1602.08952},
  year={2016}
}


@InProceedings{He2016,
author = {He, Kaiming and Zhang, Xiangyu and Ren, Shaoqing and Sun, Jian},
title = {Deep Residual Learning for Image Recognition},
booktitle = {The IEEE Conference on Computer Vision and Pattern Recognition (CVPR)},
year = {2016},
pages = {770--778}
}

@inproceedings{Bingel2017,
   author = {{Bingel}, J. and {S{\o}gaard}, A.},
    title = "{Identifying beneficial task relations for multi-task learning in deep neural networks}",
    booktitle = {Proceedings of the 15th Conference of the European Chapter of the Association for Computational Linguistics},
  year      = {2017},
  pages     = {164--169}
}

@InProceedings{Dong2015,
  author    = {Dong, D.  and  Wu, H.  and  He, W.  and  Yu, D.  and  Wang, H.},
  title     = {Multi-Task Learning for Multiple Language Translation},
  booktitle = {Proceedings of the 53rd Annual Meeting of the Association for Computational Linguistics and the 7th International Joint Conference on Natural Language Processing},
  year      = {2015},
  pages     = {1723--1732},
}


@InProceedings{Saha2016,
  author    = {Saha, Amrita  and  Khapra, Mitesh M.  and  Chandar, Sarath  and  Rajendran, Janarthanan  and  Cho, Kyunghyun},
  title     = {A Correlational Encoder Decoder Architecture for Pivot Based Sequence Generation},
  booktitle = {26th International Conference on Computational Linguistics: Technical Papers},
  year      = {2016},
  pages     = {109--118},
}

@InProceedings{Rajendran2016,
  author    = {Rajendran, Janarthanan  and  Khapra, Mitesh M.  and  Chandar, Sarath  and  Ravindran, Balaraman},
  title     = {Bridge Correlational Neural Networks for Multilingual Multimodal Representation Learning},
  booktitle = {Proceedings of the 2016 Conference of the North American Chapter of the Association for Computational Linguistics: Human Language Technologies},
  month     = {June},
  year      = {2016},
  address   = {San Diego, California},
  publisher = {Association for Computational Linguistics},
  pages     = {171--181},
  url       = {http://www.aclweb.org/anthology/N16-1021}
}

@inproceedings{Jabri2016,
  author    = {Allan Jabri and
               Armand Joulin and
               Laurens van der Maaten},
  title     = {Revisiting Visual Question Answering Baselines},
  booktitle={European conference on computer vision},
    pages={727--739},
  year      = {2016},
}

@inproceedings{Goodfellow2014,
  title={Generative adversarial nets},
  author={Goodfellow, Ian and Pouget-Abadie, Jean and Mirza, Mehdi and Xu, Bing and Warde-Farley, David and Ozair, Sherjil and Courville, Aaron and Bengio, Yoshua},
  booktitle={Advances in neural information processing systems},
  pages={2672--2680},
  year={2014}
}

@inproceedings{Calixto2017b,
  author    = {Iacer Calixto and
               Qun Liu},
  title     = {Incorporating Global Visual Features into Attention-Based Neural Machine
               Translation},
  booktitle = 	"Proceedings of the 2017 Conference on Empirical Methods in Natural Language Processing",
  year      = {2017},
  pages = 	"1003--1014"
}

@inproceedings{Calixto2017c,
  author    = {Iacer Calixto and
               Qun Liu and
               Nick Campbell},
    title = "{Doubly-Attentive Decoder for Multi-modal Neural Machine Translation}",
  booktitle = 	"Proceedings of the 55th Annual Meeting of the Association for Computational Linguistics (Volume 1: Long Papers)",
  pages = 	"1913--1924",
  year = 2017
}

@article{Caglayan2016b,
  author    = {Ozan Caglayan and
               Lo{\"{\i}}c Barrault and
               Fethi Bougares},
  title     = {Multimodal Attention for Neural Machine Translation},
  journal   = {CoRR},
  volume    = {abs/1609.03976},
  year      = {2016},
}

@inproceedings{Sennrich2014,
  title={Zmorge: A German Morphological Lexicon Extracted from Wiktionary.},
  author={Sennrich, Rico and Kunz, Beat},
  booktitle={Language Resources and Evaluation Conference},
  year={2014},
  pages={1063--1067}
}

@inproceedings{Kiela2016,
  author = {Douwe Kiela and Anita L. Ver\H{o} and Stephen Clark},
  title = {{Comparing Data Sources and Architectures for Deep Visual Representation Learning in Semantics}},
  year = 2016,
  booktitle = {{Proceedings of the Conference on Empirical Methods in Natural Language Processing (EMNLP-16)}},
  pages     = {447--456},
}

@incollection{Gal2016,
title = {A Theoretically Grounded Application of Dropout in Recurrent Neural Networks},
author = {Gal, Yarin and Ghahramani, Zoubin},
booktitle = {Advances in Neural Information Processing Systems 29},
pages = {1019--1027},
year = {2016},
}


@article{Szegedy2015,
  author    = {Christian Szegedy and
               Vincent Vanhoucke and
               Sergey Ioffe and
               Jonathon Shlens and
               Zbigniew Wojna},
  title     = {Rethinking the Inception Architecture for Computer Vision},
  journal   = {CoRR},
  volume    = {abs/1512.00567},
  year      = {2015}
}

@article{Bernardi2016,
	Author = {Bernardi, Raffaella and Cakici, Ruket and Elliott, Desmond and Erdem, Aykut and Erdem, Erkut and Ikizler-Cinbis, Nazli and Keller, Frank and Muscat, Adrian and Plank, Barbara},
	Date-Added = {2016-07-04 12:28:43 +0000},
	Date-Modified = {2016-07-04 12:28:43 +0000},
	Journal = {Journal of Artificial Intelligence Research},
	Pages = {409--442},
	Title = {Automatic description generation from images: A survey of models, datasets, and evaluation measures},
	Volume = {55},
	Year = {2016}}
@article{Hodosh2013,
  title={Framing image description as a ranking task: Data, models and evaluation metrics},
  author={Hodosh, Micah and Young, Peter and Hockenmaier, Julia},
  journal={Journal of Artificial Intelligence Research},
  volume={47},
  pages={853--899},
  year={2013}
}
@article{Kingma2015,
  author    = {Diederik P. Kingma and
               Jimmy Ba},
  title     = {Adam: {A} Method for Stochastic Optimization},
  journal   = {International Conference on Learning Representations},
  year      = {2015},
}
@inproceedings{Xu2015,
  title={Show, Attend and Tell: Neural Image Caption Generation with Visual Attention},
  author={Xu, Kelvin and Ba, Jimmy and Kiros, Ryan and Cho, Kyunghyun and Courville, Aaron and Salakhudinov, Ruslan and Zemel, Rich and Bengio, Yoshua},
  booktitle={Proceedings of The 32nd International Conference on Machine Learning},
  pages={2048--2057},
  year={2015}
}

@InProceedings{Specia2016,
  author    = {Specia, Lucia  and  Frank, Stella  and  Sima'an, Khalil  and  Elliott, Desmond},
  title     = {A Shared Task on Multimodal Machine Translation and Crosslingual Image Description},
  booktitle = {Proceedings of the First Conference on Machine Translation},
  year      = {2016},
  pages     = {543--553},
}
@inproceedings{Fritzinger2010,
  title={How to avoid burning ducks: Combining linguistic analysis and corpus statistics for German compound processing},
  author={Fritzinger, Fabienne and Fraser, Alexander},
  booktitle={Proceedings of the Joint Fifth Workshop on Statistical Machine Translation and MetricsMATR},
  pages={224--234},
  year={2010},
  organization={Association for Computational Linguistics}
}
@inproceedings{Lin2015,
  title={Don't just listen, use your imagination: Leveraging visual common sense for non-visual tasks},
  author={Lin, Xiao and Parikh, Devi},
  booktitle={Proceedings of the IEEE Conference on Computer Vision and Pattern Recognition},
  pages={2984--2993},
  year={2015}
}
@inproceedings{Bahdanau2015,
  author    = {Dzmitry Bahdanau and
               Kyunghyun Cho and
               Yoshua Bengio},
  title     = {Neural Machine Translation by Jointly Learning to Align and Translate},
  booktitle = {International Conference on Learning Representations},
  year      = {2015}
}
@InProceedings{Sennrich2016,
  author    = {Sennrich, Rico  and  Haddow, Barry  and  Birch, Alexandra},
  title     = {Edinburgh Neural Machine Translation Systems for WMT 16},
  booktitle = {Proceedings of the First Conference on Machine Translation},
  month     = {August},
  year      = {2016},
  address   = {Berlin, Germany},
  publisher = {Association for Computational Linguistics},
  pages     = {371--376},
}
@InProceedings{Chrupala2015,
  author    = {Chrupa{\l}a, Grzegorz  and  K\'{a}d\'{a}r, \'{A}kos  and  Alishahi, Afra},
  title     = {Learning language through pictures},
  booktitle = {Proceedings of the 53rd Annual Meeting of the Association for Computational Linguistics and the 7th International Joint Conference on Natural Language Processing},
  year      = {2015},
  pages     = {112--118},
}

@inproceedings{Papineni:2002:BMA:1073083.1073135,
 author = {Papineni, Kishore and Roukos, Salim and Ward, Todd and Zhu, Wei-Jing},
 title = {BLEU: A Method for Automatic Evaluation of Machine Translation},
 booktitle = {Proceedings of the 40th Annual Meeting on Association for Computational Linguistics},
 year = {2002},
 pages = {311--318},
}
@InProceedings{denkowski:lavie:meteor-wmt:2014,
  author    = {Michael Denkowski and Alon Lavie},
  title     = {Meteor Universal: Language Specific Translation Evaluation for Any Target Language},
  booktitle = {Proceedings of the EACL 2014 Workshop on Statistical Machine Translation},
  year      = {2014},
}
@Inproceedings{ElliottFrankSimaanSpecia2016,
  author = 	 "Elliott, Desmond and Frank, Stella and Sima'an, Khalil. and Specia, Lucia",
  title = 	 "{{Multi30K}:  Multilingual English-German Image Descriptions}",
  booktitle = "Proceedings of the 5th Workshop on Vision and Language",
  year = 	 "2016",
}

@Inproceedings{Hitschler2016,
  author = 	 "Julian Hitschler and Shigehiko Schamoni and Stefan Riezler",
  title = 	 "{Multimodal Pivots for Image Caption Translation}",
  booktitle = "Proceedings of the 54th Annual Meeting of the Association for Computational Linguistics",
  year = 	 "2016",
  pages     = {2399--2409},
}
@article{ElliottFrankHasler2015,
  author    = {Desmond Elliott and
               Stella Frank and
               Eva Hasler},
  title     = {Multi-Language Image Description with Neural Sequence Models},
  journal   = {CoRR},
  volume    = {abs/1510.04709},
  year      = {2015}
}
@InProceedings{Simonyan2015,
  author    = {Karen Simonyan and
               Andrew Zisserman},
  title     = {Very Deep Convolutional Networks for Large-Scale Image Recognition},
  booktitle = {Proceedings of the International Conference on Learning Representations},
  year      = {2015},
}
@article{Cho2014,
  title={{Learning phrase representations using RNN encoder-decoder for statistical machine translation}},
  author={Cho, K. and Van Merri{\"e}nboer, B. and Gulcehre, C. and Bahdanau, D. and Bougares, F. and Schwenk, H. and Bengio, Y.},
  booktitle = {Proceedings of the 2014 Conference on Empirical Methods in Natural Language Processing (EMNLP)},
 year={2014},
 pages     = {1724--1734}
}

@article{toyama2016neural,
  title={Neural Machine Translation with Latent Semantic of Image and Text},
  author={Toyama, Joji and Misono, Masanori and Suzuki, Masahiro and Nakayama, Kotaro and Matsuo, Yutaka},
  journal={CoRR},
  volume = {abs/1611.08459},
  year={2016}
}

@InProceedings{Caglayan2016,
  author    = {Caglayan, Ozan  and  Aransa, Walid  and  Wang, Yaxing  and  Masana, Marc  and  Garc\'{i}a-Mart\'{i}nez, Mercedes  and  Bougares, Fethi  and  Barrault, Lo\"{i}c  and  van de Weijer, Joost},
  title     = {Does Multimodality Help Human and Machine for Translation and Image Captioning?},
  booktitle = {Proceedings of the First Conference on Machine Translation},
  year      = {2016},
  pages     = {627--633},
}

@InProceedings{Libovicky2016,
  author    = {Libovick\'{y}, Jind\v{r}ich  and  Helcl, Jind\v{r}ich  and  Tlust\'{y}, Marek  and  Bojar, Ond\v{r}ej  and  Pecina, Pavel},
  title     = {CUNI System for WMT16 Automatic Post-Editing and Multimodal Translation Tasks},
  booktitle = {Proceedings of the First Conference on Machine Translation},
  year      = {2016},
  pages     = {646--654},
}

@InProceedings{Shah2016,
  author    = {Shah, Kashif  and  Wang, Josiah  and  Specia, Lucia},
  title     = {SHEF-Multimodal: Grounding Machine Translation on Images},
  booktitle = {Proceedings of the First Conference on Machine Translation},
  year      = {2016},
  pages     = {660--665},
}

@InProceedings{Calixto2016,
  author    = {Calixto, Iacer  and  Elliott, Desmond  and  Frank, Stella},
  title     = {{DCU-UvA Multimodal MT System Report}},
  booktitle = {Proceedings of the First Conference on Machine Translation},
  year      = {2016},
  pages     = {634--638},
}

@InProceedings{Huang2016,
  author    = {Huang, Po-Yao  and  Liu, Frederick  and  Shiang, Sz-Rung  and  Oh, Jean  and  Dyer, Chris},
  title     = {Attention-based Multimodal Neural Machine Translation},
  booktitle = {Proceedings of the First Conference on Machine Translation},
  year      = {2016},
  pages     = {639--645},
}

@inproceedings{Koehn2007,
  title={Moses: Open source toolkit for statistical machine translation},
  author={Koehn, Philipp and Hoang, Hieu and Birch, Alexandra and Callison-Burch, Chris and Federico, Marcello and Bertoldi, Nicola and Cowan, Brooke and Shen, Wade and Moran, Christine and Zens, Richard and others},
  booktitle={Proceedings of the 45th Annual meeting of Association for Computational Linguistics},
  pages={177--180},
  year={2007},
}

@inproceedings{Luong2016,
  author    = {Minh{-}Thang Luong and
               Quoc V. Le and
               Ilya Sutskever and
               Oriol Vinyals and
               Lukasz Kaiser},
  title     = {Multi-task Sequence to Sequence Learning},
  booktitle = {ICLR},
  year      = {2016},
}

%%%%%%%%%%%%%%
Statistics   %
%%%%%%%%%%%%%%


@book{efron1982jackknife,
  title={The Jackknife, the Bootstrap and Other Resampling Plans},
  author={Efron, Bradley},
  volume={38},
  year={1982},
  publisher={SIAM}
}


%% REFS FOR COLI PAPER

@inproceedings{kiros2015skip,
  title={Skip-thought vectors},
  author={Kiros, Ryan and Zhu, Yukun and Salakhutdinov, Ruslan R and Zemel, Richard and Urtasun, Raquel and Torralba, Antonio and Fidler, Sanja},
  booktitle={Advances in Neural Information Processing Systems},
  pages={3276--3284},
  year={2015}
}
@inproceedings{sutskever2014sequence,
  title={Sequence to sequence learning with neural networks},
  author={Sutskever, Ilya and Vinyals, Oriol and Le, Quoc V},
  booktitle={Advances in neural information processing systems},
  pages={3104--3112},
  year={2014}
}

@inproceedings{kai2015treelstm,
  title={Improved Semantic Representations From Tree-Structured Long Short-Term Memory Networks},
  author={Tai, Kai Sheng and Socher, Richard and D. Manning, Christopher},
  booktitle={Association for Computational Linguistic (ACL)},
  year={2015}
}
ai Sheng Tai, Richard Socher, and Christopher Manning

@inproceedings{chung2014empirical,
  title={Empirical Evaluation of Gated Recurrent Neural Networks on Sequence Modeling},
  author={Chung, Junyoung and Gulcehre, Caglar and Cho, KyungHyun and Bengio, Yoshua},
  booktitle={NIPS 2014 Deep Learning and Representation Learning Workshop},
  year={2014}
}

@inproceedings{cho2014properties,
  title={On the properties of neural machine translation: Encoder-decoder approaches},
  author={Cho, Kyunghyun and van Merri{\"e}nboer, Bart and Bahdanau, Dzmitry and Bengio, Yoshua},
  booktitle={Eighth Workshop on Syntax, Semantics and Structure in Statistical Translation (SSST-8)},
  year={2014}
}

@inproceedings{giles1992extracting,
  author    = {C. Lee Giles and
               Clifford B. Miller and
               Dong Chen and
               Guo{-}Zheng Sun and
               Hsing{-}Hen Chen and
               Yee{-}Chun Lee},
  title     = {Extracting and Learning an Unknown Grammar with Recurrent Neural Networks},
  booktitle = {Advances in Neural Information Processing Systems},
  pages     = {317--324},
  year      = {1991},
  url       = {http://papers.nips.cc/paper/555-extracting-and-learning-an-unknown-grammar-with-recurrent-neural-networks},
  timestamp = {Thu, 11 Dec 2014 17:34:08 +0100},
  biburl    = {http://dblp.uni-trier.de/rec/bib/conf/nips/GilesMCSCL91},
  bibsource = {dblp computer science bibliography, http://dblp.org}
}

@proceedings{DBLP:conf/nips/1991,
  editor    = {John E. Moody and
               Stephen Jose Hanson and
               Richard Lippmann},
  title     = {Advances in Neural Information Processing Systems},
  publisher = {Morgan Kaufmann},
  year      = {1992},
  url       = {http://papers.nips.cc/book/advances-in-neural-information-processing-systems-4-1991},
  isbn      = {1-55860-222-4},
  timestamp = {Thu, 11 Dec 2014 17:34:08 +0100},
  biburl    = {http://dblp.uni-trier.de/rec/bib/conf/nips/1991},
  bibsource = {dblp computer science bibliography, http://dblp.org}
}
@inproceedings{erhan2009visualizing,
  title={Visualizing higher-layer features of a deep network},
  author={Erhan, Dumitru and Bengio, Yoshua and Courville, Aaron and Vincent, Pascal},
  booktitle={International Conference on Machine Learning  (ICML) Workshop on Learning Feature Hierarchies},
  volume={1341},
  year={2009}
}

@inproceedings{simonyan2013deep,
  title={Deep inside convolutional networks: Visualising image classification models and saliency maps},
  author={Simonyan, Karen and Vedaldi, Andrea and Zisserman, Andrew},
  booktitle={ International Conference on Learning Representation (ICLR) Workshop},
  year={2014}
}



@inproceedings{yu2015video,
  title={Video Paragraph Captioning using Hierarchical Recurrent Neural Networks},
  author={Yu, Haonan and Wang, Jiang and Huang, Zhiheng and Yang, Yi and Xu, Wei},
  booktitle={Describing and Understanding Video \& The Large Scale Movie Description Challenge (LSMDC) at Internation Conference on Computer Vision (ICCV)},
  year={2015}
}


@inproceedings{karpathy2015deep,
  title={Deep visual-semantic alignments for generating image descriptions},
  author={Karpathy, Andrej and Fei-Fei, Li},
  booktitle={Proceedings of the IEEE Conference on Computer Vision and Pattern Recognition},
  pages={3128--3137},
  year={2015}
}


@inproceedings{visin2015reseg,
  title={ReSeg: A Recurrent Neural Network for Object Segmentation},
  author={Visin, Francesco and Kastner, Kyle and Courville, Aaron and Bengio, Yoshua and Matteucci, Matteo and Cho, Kyunghyun},
  booktitle = {IEEE Conference on Computer Vision and Pattern Recognition Workshops (CVPRW)},
  year={2016}
}


@inproceedings{gregor2015draw,
  title={DRAW: A recurrent neural network for image generation},
  author={Gregor, Karol and Danihelka, Ivo and Graves, Alex and Wierstra, Daan},
  booktitle={International Conference on Machine Learning (ICML) },
  year={2015}
}


@inproceedings{rocktaschel2016reasoning,
  title={Reasoning about Entailment with Neural Attention},
  author={Rockt{\"a}schel, Tim and Grefenstette, Edward and Hermann, Karl Moritz and Ko{\v{c}}isk{\`y}, Tom{\'a}{\v{s}} and Blunsom, Phil},
  booktitle={International Conference on Learning Representations (ICLR)},
  year={2016}
}


@inproceedings{bahdanau2014neural,
  title={Neural machine translation by jointly learning to align and translate},
  author={Bahdanau, Dzmitry and Cho, Kyunghyun and Bengio, Yoshua},
  booktitle={ International Conference on Learning Representation (ICLR) },
  year={2015}
}

@inproceedings{yoonneural2014,
  title={Convolutional Neural Networks for Sentence Classification},
  author={Kim, Yoon},
  booktitle={ Conference on Empirical Methods in Natural Language Processing (EMNLP) },
  year={2014}
}

@inproceedings{vinyals2015grammar,
  title={Grammar as a foreign language},
  author={Vinyals, Oriol and Kaiser, {\L}ukasz and Koo, Terry and Petrov, Slav and Sutskever, Ilya and Hinton, Geoffrey},
  booktitle={Advances in Neural Information Processing Systems},
  pages={2755--2763},
  year={2015}
}



@article{jacobsson2005rule,
  title={Rule Extraction from Recurrent Neural Networks: ATaxonomy and Review},
  author={Jacobsson, Henrik},
  journal={Neural Computation},
  volume={17},
  number={6},
  pages={1223--1263},
  year={2005},
  publisher={MIT Press}
}


@inproceedings{nguyen2016multifaceted,
  title={Multifaceted Feature Visualization: Uncovering the Different Types of Features Learned By Each Neuron in Deep Neural Networks},
  author={Nguyen, Anh and Yosinski, Jason and Clune, Jeff},
  booktitle = {Visualization for Deep Learning workshop at International Conference on Machine Learning (ICML)},
  year={2016}
}



@article{mahendran2015visualizing,
  title={Visualizing Deep Convolutional Neural Networks Using Natural Pre-Images},
  author={Mahendran, Aravindh and Vedaldi, Andrea},
  journal={International Journal of Computer Vision},
  volume = {120},
  number = {3},
  pages = {233--255},
  year={2016}
}

@inproceedings{dosovitskiy2015inverting,
  title={Understanding Deep Image Representations by Inverting Them},
  author={Dosovitskiy, Alexey and Brox, Thomas},
  booktitle={Proceedings of the IEEE Conference on Computer Vision and Pattern Recognition (CVPR)},
  year={2015}
}


@inproceedings{yosinski2015understanding,
  title={Understanding neural networks through deep visualization},
  author={Yosinski, Jason and Clune, Jeff and Nguyen, Anh and Fuchs, Thomas and Lipson, Hod},
  booktitle={International Conference on Machine Learning  (ICML)},
  year={2015}
}


@inproceedings{mahendran2015understanding,
  title={Understanding deep image representations by inverting them},
  author={Mahendran, Aravindh and Vedaldi, Andrea},
  booktitle={IEEE Conference on Computer Vision and Pattern Recognition (CVPR)},
  pages={5188--5196},
  year={2015}
}


@inproceedings{eigen2013understanding,
  title={Understanding deep architectures using a recursive convolutional network},
  author={Eigen, David and Rolfe, Jason and Fergus, Rob and LeCun, Yann},
  booktitle={International Conference on Learning Representations (ICLR)},
  year={2014}
}


@inproceedings{zhou2014object,
   title={Object detectors emerge in deep scene cnns},
  author={Zhou, Bolei and Khosla, Aditya and Lapedriza, Agata and Oliva, Aude and Torralba, Antonio},
  booktitle={International Conference on Learning Representations (ICLR)},
   year={2015}
}



@inproceedings{martins2013turning,
  title={Turning on the Turbo: Fast Third-Order Non-Projective Turbo Parsers.},
  author={Martins, Andr{\'e} FT and Almeida, Miguel and Smith, Noah A},
  booktitle={Association for Computational Linguistic (ACL)},
  pages={617--622},
  year={2013}
}

@inproceedings{karpathy2015visualizing,
  title={Visualizing and Understanding Recurrent Networks},
  author={Karpathy, Andrej and Johnson, Justin and Li, Fei-Fei},
  booktitle={International Conference on Learning Representations (ICLR) Workshop},
  year={2016}
}

@inproceedings{li2015convergent,
  title={Convergent Learning: Do different neural networks learn the same representations?},
  author={Li, Yixuan and Yosinski, Jason and Clune, Jeff and Lipson, Hod and Hopcroft, John},
  booktitle={International Conference on Learning Representation (ICLR)},
  year={2016}
}

@inproceedings{krizhevsky2012imagenet,
  title={Imagenet classification with deep convolutional neural networks},
  author={Krizhevsky, Alex and Sutskever, Ilya and Hinton, Geoffrey E},
  booktitle={Advances in neural information processing systems},
  pages={1097--1105},
  year={2012}
}


@inproceedings{li2015visualizing,
  title={Visualizing and Understanding Neural Models in {NLP}},
  author={Li, Jiwei and Chen, Xinlei and Hovy, Eduard and Jurafsky, Dan},
  booktitle={North American Chapter of the Association for Computational Linguistic (NAACL)},
  year={2016}
}

@inproceedings{chrupala2015learning,
  title={Learning language through pictures},
  author={Chrupa{\l}a, Grzegorz and K{\'a}d{\'a}r, {\'A}kos and Alishahi, Afra},
  booktitle={Association for Computational Linguistic (ACL)},
  year={2015}
}


@inproceedings{lin2014microsoft,
  title={Microsoft COCO: Common objects in context},
  author={Lin, Tsung-Yi and Maire, Michael and Belongie, Serge and Hays, James and Perona, Pietro and Ramanan, Deva and Doll{\'a}r, Piotr and Zitnick, C Lawrence},
  booktitle={Computer Vision--ECCV},
  pages={740--755},
  year={2014}
}

@article{lipton2015critical,
  title={A Critical Review of Recurrent Neural Networks for Sequence Learning},
  author={Lipton, Zachary C},
  journal={arXiv preprint arXiv:1506.00019},
  year={2015}
}

@inproceedings{mikolov2011extensions,
  title={Extensions of recurrent neural network language model},
  author={Mikolov, Tom{\'a}{\v{s}} and Kombrink, Stefan and Burget, Luk{\'a}{\v{s}} and {\v{C}}ernock{\`y}, Jan Honza and Khudanpur, Sanjeev},
  booktitle={Acoustics, Speech and Signal Processing (ICASSP), 2011 IEEE International Conference on},
  pages={5528--5531},
  year={2011}
}

@article{elman1991distributed,
  title={Distributed representations, simple recurrent networks, and grammatical structure},
  author={Elman, Jeffrey L},
  journal={Machine learning},
  volume={7},
  number={2-3},
  pages={195--225},
  year={1991},
  publisher={Kluwer Academic Publishers}
}

@article{bengio2003neural,
  title={A neural probabilistic language model},
  author={Bengio, Yoshua and Ducharme, R{\'e}jean and Vincent, Pascal and Janvin, Christian},
  journal={The Journal of Machine Learning Research},
  volume={3},
  pages={1137--1155},
  year={2003},
  publisher={JMLR. org}
}

@inproceedings{jordan1986attractor,
  title={Attractor dynamics and parallelism in a connectionist sequential network},
  author={Jordan, Michael I},
  booktitle={Proceedings of the Eighth Annual Conference of the Cognitive Science Society},
  year={1986}
}

@article{hochreiter1997long,
  title={Long short-term memory},
  author={Hochreiter, Sepp and Schmidhuber, J{\"u}rgen},
  journal={Neural computation},
  volume={9},
  number={8},
  pages={1735--1780},
  year={1997},
  publisher={MIT Press}
}




@article{elman1990finding,
  title={Finding structure in time},
  author={Elman, Jeffrey L},
  journal={Cognitive science},
  volume={14},
  number={2},
  pages={179--211},
  year={1990},
  publisher={Elsevier}
}

@inproceedings{socher2013recursive,
  title={Recursive deep models for semantic compositionality over a sentiment treebank},
  author={Socher, Richard and Perelygin, Alex and Wu, Jean Y and Chuang, Jason and Manning, Christopher D and Ng, Andrew Y and Potts, Christopher},
  booktitle={Conference on Empirical Methods in Natural Language Processing (EMNLP)},
  volume={1631},
  pages={1642},
  year={2013}
}

@inproceedings{simonyan2014very,
    author       = "Simonyan, K. and Zisserman, A.",
    title        = "Very Deep Convolutional Networks for Large-Scale Image Recognition",
    booktitle      = "International Conference on Learning Representations (ICLR)",
    year         = "2015"
}

@inproceedings{adi2016fine,
  title={Fine-grained analysis of sentence embeddings using auxiliary prediction tasks},
  author={Adi, Yossi and Kermany, Einat and Belinkov, Yonatan and Lavi, Ofer and Goldberg, Yoav},
  booktitle = "International Conference on Learning Representations (ICLR)",
  year={2017}
}

@article{li2016understanding,
  title={Understanding Neural Networks through Representation Erasure},
  author={Li, Jiwei and Monroe, Will and Jurafsky, Dan},
  journal={arXiv preprint arXiv:1612.08220},
  year={2016}
}

@article{linzen2016assessing,
  title={Assessing the Ability of LSTMs to Learn Syntax-Sensitive Dependencies},
  author={Linzen, Tal and Dupoux, Emmanuel and Goldberg, Yoav},
  journal={Transactions of the Association for Computational Linguistics},
  volume={4},
  pages={521--535},
  year={2016}
}

%% Created for Thiago Castro Ferreira at 2013-09-02 10:40:52 -0300


%% Saved with string encoding Unicode (UTF-8)

@book{yngve1961,
	Annote = {The output sentences were for the most part quite grammatical, though of course nonsensical.},
	Author = {Yngve, Victor H},
	Keywords = {no-content},
	Publisher = {Massachusetts Inst. of Technology},
	Title = {Random generation of English sentences},
	Year = {1961}}

@ARTICLE{levenshtein1966,
   author = {{Levenshtein}, V.~I.},
    title = "{Binary Codes Capable of Correcting Deletions, Insertions and Reversals}",
  journal = {Soviet Physics Doklady},
     year = 1966,
    month = feb,
   volume = 10,
    pages = {707},
   adsurl = {http://adsabs.harvard.edu/abs/1966SPhD...10..707L},
  adsnote = {Provided by the SAO/NASA Astrophysics Data System}
}

@book{kullback1968,
  title={Information Theory and Statistics},
  author={Kullback, S.},
  isbn={9780486696843},
  lccn={97014382},
  series={A Wiley publication in mathematical statistics},
  url={https://books.google.com.br/books?id=luHcCgAAQBAJ},
  year={1997},
  publisher={Dover Publications}
}

@article{friedman1969,
 author = {Friedman, Joyce},
 title = {Directed Random Generation of Sentences},
 journal = {Commun. ACM},
 issue_date = {Jan. 1969},
 volume = {12},
 number = {1},
 month = jan,
 year = {1969},
 issn = {0001-0782},
 pages = {40--46},
 numpages = {7},
 url = {http://doi.acm.org/10.1145/362835.362846},
 doi = {10.1145/362835.362846},
 acmid = {362846},
 publisher = {ACM},
 address = {New York, NY, USA},
 keywords = {computational linguistics, language processing, natural language syntax, sentence generation, syntax, transformational grammar},
}

@article{simmons1972,
	Acmid = {361595},
	Address = {New York, NY, USA},
	Author = {Simmons, R. and Slocum, J.},
	Doi = {10.1145/355604.361595},
	Issn = {0001-0782},
	Issue_Date = {Oct. 1972},
	Journal = {Commun. ACM},
	Keywords = {deep case relations, discourse generation, grammars, semantic generation, semantic nets},
	Month = oct,
	Number = {10},
	Numpages = {15},
	Pages = {891--905},
	Publisher = {ACM},
	Title = {Generating English Discourse from Semantic Networks},
	Url = {http://doi.acm.org/10.1145/355604.361595},
	Volume = {15},
	Year = {1972}}

@inproceedings{appelt1980,
 author = {Appelt, Douglas E.},
 title = {Problem Solving Applied to Language Generation},
 booktitle = {Proceedings of the 18th Annual Meeting on Association for Computational Linguistics},
 series = {ACL'80},
 year = {1980},
 address = {Philadelphia, Pennsylvania},
 pages = {59--63},
 numpages = {5},
 url = {https://doi.org/10.3115/981436.981455},
 doi = {10.3115/981436.981455},
 acmid = {981455},
 publisher = {Association for Computational Linguistics},
}

@inproceedings{mckeown1982,
	Acmid = {981285},
	Author = {McKeown, Kathleen R.},
	Booktitle = {Proceedings of the 20th Annual Meeting on Association for Computational Linguistics},
	Doi = {10.3115/981251.981285},
	Address = {Toronto, Ontario, Canada},
	Numpages = {8},
	Pages = {113--120},
	Publisher = {Association for Computational Linguistics},
	Series = {ACL'82},
	Title = {The {TEXT} System for Natural Language Generation: An Overview},
	Url = {https://doi.org/10.3115/981251.981285},
	Year = {1982}}

@inproceedings{kukich1983,
 author = {Kukich, Karen},
 title = {Design of a Knowledge-based Report Generator},
 booktitle = {Proceedings of the 21st Annual Meeting on Association for Computational Linguistics},
 series = {ACL'83},
 year = {1983},
 address = {Cambridge, Massachusetts},
 pages = {145--150},
 numpages = {6},
 url = {https://doi.org/10.3115/981311.981340},
 doi = {10.3115/981311.981340},
 acmid = {981340},
 publisher = {Association for Computational Linguistics},
}

@inproceedings{bateman1989,
	Acmid = {1623996},
	Author = {Bateman, John A. and Paris, Cecile L.},
	Booktitle = {Proceedings of the 11th International Joint Conference on Artificial Intelligence - Volume 2},
	Address = {Detroit, Michigan},
	Numpages = {7},
	Pages = {1511--1517},
	Publisher = {Morgan Kaufmann Publishers Inc.},
	Series = {IJCAI'89},
	Title = {Phrasing a Text in Terms the User Can Understand},
	Url = {http://dl.acm.org/citation.cfm?id=1623891.1623996},
	Year = {1989}}

@article{hovy1990,
	Address = {Essex, UK},
	Author = {Hovy, Eduard H.},
	Doi = {10.1016/0004-3702(90)90084-D},
	Issn = {0004-3702},
	Issue_Date = {May 1990},
	Journal = {Artificial Intelligence},
	Month = may,
	Number = {2},
	Numpages = {45},
	Pages = {153--197},
	Publisher = {Elsevier Science Publishers Ltd.},
	Title = {Pragmatics and Natural Language Generation},
	Url = {http://dx.doi.org/10.1016/0004-3702(90)90084-D},
	Volume = {43},
	Year = {1990}}

@article{lin1991,
  title={Divergence measures based on the Shannon entropy},
  author={Lin, Jianhua},
  journal={Information Theory, IEEE Transactions on},
  volume={37},
  number={1},
  pages={145--151},
  year={1991},
  publisher={IEEE}
}

@inproceedings{dale1991,
 author = {Robert Dale and Nicholas Haddock},
 title = {Generating referring expressions involving relations},
 booktitle = {Proceedings of the fifth conference on European chapter of the Association for Computational Linguistics},
 series = {EACL'91},
 year = {1991},
 address = {Berlin, Germany},
 pages = {161--166},
 numpages = {6},
 doi = {10.3115/977180.977208},
 acmid = {977208},
 publisher = {Association for Computational Linguistics}
}

@inproceedings{iordanskaja1992,
 author = {Iordanskaja, L. and Kim, M. and Kittredge, R. and Lavoie, B. and Polgu\`{e}re, A.},
 title = {Generation of Extended Bilingual Statistical Reports},
 booktitle = {Proceedings of the 14th Conference on Computational Linguistics - Volume 3},
 series = {COLING'92},
 year = {1992},
 address = {Nantes, France},
 pages = {1019--1023},
 numpages = {5},
 url = {http://dx.doi.org/10.3115/992383.992425},
 doi = {10.3115/992383.992425},
 acmid = {992425},
 publisher = {Association for Computational Linguistics},
}

@article{gundel1993,
	Author = {Gundel, Jeanette K and Hedberg, Nancy and Zacharski, Ron},
	Journal = {Language},
	Keywords = {Cognitive Status},
	Pages = {274--307},
	Publisher = {JSTOR},
	Title = {Cognitive status and the form of referring expressions in discourse},
	Year = {1993}
}

@article{goldberg1994,
 author = {Goldberg, Eli and Driedger, Norbert and Kittredge, Richard I.},
 title = {Using Natural-Language Processing to Produce Weather Forecasts},
 journal = {IEEE Expert: Intelligent Systems and Their Applications},
 issue_date = {April 1994},
 volume = {9},
 number = {2},
 month = apr,
 year = {1994},
 issn = {0885-9000},
 pages = {45--53},
 numpages = {9},
 publisher = {IEEE Educational Activities Department},
 address = {Piscataway, NJ, USA}
}

@inproceedings{dahl1994,
 author = {Dahl, Deborah A. and Bates, Madeleine and Brown, Michael and Fisher, William and Hunicke-Smith, Kate and Pallett, David and Pao, Christine and Rudnicky, Alexander and Shriberg, Elizabeth},
 title = {Expanding the Scope of the {ATIS} Task: The {ATIS-3} Corpus},
 booktitle = {Proceedings of the Workshop on Human Language Technology},
 series = {HLT'94},
 year = {1994},
 isbn = {1-55860-357-3},
 address = {Plainsboro, NJ},
 pages = {43--48},
 numpages = {6},
 url = {https://doi.org/10.3115/1075812.1075823},
 doi = {10.3115/1075812.1075823},
 acmid = {1075823},
 publisher = {Association for Computational Linguistics}
}

@book{chafe1994,
  title={Discourse, Consciousness, and Time: The Flow and Displacement of Conscious Experience in Speaking and Writing},
  author={Chafe, W.},
  isbn={9780226100548},
  lccn={93050610},
  year={1994},
  publisher={University of Chicago Press}
}

@inproceedings{marcus1994,
 author = {Marcus, Mitchell and Kim, Grace and Marcinkiewicz, Mary Ann and MacIntyre, Robert and Bies, Ann and Ferguson, Mark and Katz, Karen and Schasberger, Britta},
 title = {The {P}enn Treebank: Annotating Predicate Argument Structure},
 booktitle = {Proceedings of the Workshop on Human Language Technology},
 series = {HLT'94},
 year = {1994},
 isbn = {1-55860-357-3},
 address = {Plainsboro, NJ},
 pages = {114--119},
 numpages = {6},
 url = {https://doi.org/10.3115/1075812.1075835},
 doi = {10.3115/1075812.1075835},
 acmid = {1075835},
 publisher = {Association for Computational Linguistics},
}

@Inbook{andre1995,
author="Andr{\'e}, Elisabeth
and Rist, Thomas",
editor="Mc Kevitt, Paul",
title="Generating Coherent Presentations Employing Textual and Visual Material",
bookTitle="Integration of Natural Language and Vision Processing: (Volume II) Intelligent Multimedia      ",
year="1995",
publisher="Springer Netherlands",
address="Dordrecht",
pages="75--93",
isbn="978-94-011-0445-6",
doi="10.1007/978-94-011-0445-6_8",
url="https://doi.org/10.1007/978-94-011-0445-6_8"
}

@article{dale1995,
  title={Computational interpretations of the Gricean maxims in the generation of referring expressions},
  author={Dale, Robert and Reiter, Ehud},
  journal={Cognitive science},
  volume={19},
  number={2},
  pages={233--263},
  year={1995},
  publisher={Wiley Online Library}
}

@article{brennan1995,
	Author = {Susan E. Brennan},
	Journal = {Language and Cognitive Processes},
	Keywords = {Salience},
	Number = {2},
	Pages = {137-167},
	Title = {Centering attention in discourse},
	Volume = {10},
	Year = {1995}
}

@Article{grosz1995,
  author = 	"Grosz, Barbara J.
		and Weinstein, Scott
		and Joshi, Aravind K.",
  title = 	"Centering: A Framework for Modeling the Local Coherence of Discourse",
  journal = 	"Computational Linguistics",
  year = 	"1995",
  volume = 	"21",
  pages = "203--225",
  number = 	"2",
  url = 	"http://www.aclweb.org/anthology/J95-2003"
}

@article{schuster1997,
  title={Bidirectional recurrent neural networks},
  author={Schuster, Mike and Paliwal, Kuldip K},
  journal={IEEE Transactions on Signal Processing},
  volume={45},
  number={11},
  pages={2673--2681},
  year={1997},
  publisher={IEEE}
}

@article{hochreiter1997,
  title={Long short-term memory},
  author={Hochreiter, Sepp and Schmidhuber, J{\"u}rgen},
  journal={Neural computation},
  volume={9},
  number={8},
  pages={1735--1780},
  year={1997},
  publisher={MIT Press}
}

@article{reiter1997,
  title={Building applied natural language generation systems},
  author={Reiter, Ehud and Dale, Robert},
  journal={Natural Language Engineering},
  volume={3},
  number={01},
  pages={57--87},
  year={1997},
  publisher={Cambridge University Press}
}

@article{bateman1997,
	Author = {Bateman, John A},
	Journal = {Iwanami Lecture Series: Language Sciences},
	Pages = {1--45},
	Title = {Sentence generation and systemic grammar: an introduction},
	Volume = {8},
	Year = {1997}}

@article{yeh1997,
 author = {Yeh, Ching-Long and Mellish, Chris},
 title = {An Empirical Study on the Generation of Anaphora in Chinese},
 journal = {Computational Linguistics},
 volume = {23},
 number = {1},
 month = mar,
 year = {1997},
 issn = {0891-2017},
 pages = {171--190},
 numpages = {20},
 publisher = {MIT Press},
 address = {Cambridge, MA, USA}
}

@phdthesis{arnold1998,
  title={Reference form and discourse patterns},
  author={Arnold, Jennifer E},
  year={1998},
  school={Stanford University Stanford, CA}
}

@book{reiter2000,
 author = {Reiter, Ehud and Dale, Robert},
 title = {Building natural language generation systems},
 year = {2000},
 isbn = {0-521-62036-8},
 publisher = {Cambridge University Press},
 address = {New York, NY, USA}
}

 @inproceedings{henschel2000,
 author = {Henschel, Renate and Cheng, Hua and Poesio, Massimo},
 title = {Pronominalization Revisited},
 booktitle = {Proceedings of the 18th Conference on Computational Linguistics - Volume 1},
 series = {COLING'00},
 year = {2000},
 isbn = {1-55860-717-X},
 address = {Saarbr{\"{u}}cken, Germany},
 pages = {306--312},
 numpages = {7},
 url = {https://doi.org/10.3115/990820.990865},
 doi = {10.3115/990820.990865},
 acmid = {990865},
 publisher = {Association for Computational Linguistics},
}

@article{theune2001,
	title={From data to speech: a general approach},
	volume={7},
	number={1},
	journal={Natural Language Engineering},
	publisher={Cambridge University Press},
	author= "Theune, M. and Klabbers, E. and De Pijper, J. R. and Krahmer, E. and Odijk, J.",
	year={2001},
	pages={47–86}}

@inproceedings{koller2002,
 author = {Koller, Alexander and Striegnitz, Kristina},
 title = {Generation As Dependency Parsing},
 booktitle = {Proceedings of the 40th Annual Meeting on Association for Computational Linguistics},
 series = {ACL'02},
 year = {2002},
 address = {Philadelphia, Pennsylvania},
 pages = {17--24},
 numpages = {8},
 url = {https://doi.org/10.3115/1073083.1073088},
 doi = {10.3115/1073083.1073088},
 acmid = {1073088},
 publisher = {Association for Computational Linguistics},
}

@inproceedings{callaway2002,
	Author = {Callaway, Charles B. and Lester, James C.},
	Booktitle = {Proceedings of the 40th Annual Meeting on Association for Computational Linguistics},
	Doi = {10.3115/1073083.1073100},
	Address = {Philadelphia, Pennsylvania},
	Numpages = {8},
	Pages = {88--95},
	Publisher = {Association for Computational Linguistics},
	Series = {ACL'02},
	Title = {Pronominalization in Generated Discourse and Dialogue},
	Year = {2002}
}

@incollection{krahmer2002,
  author      = {Krahmer, Emiel and Theune, Mari{\"e}t},
  title       = {Efficient context-sensitive generation of referring expressions},
  editor      = {K. van Deemter and R. Kibble},
  booktitle   = {Information sharing: Reference and presupposition in language generation and interpretation},
  publisher   = {CSLI},
  address     = {Stanford, CA},
  year        = {2002},
  pages       = {223-264}
}

@InProceedings{papineni2002,
  author    = {Kishore Papineni  and  Salim Roukos  and  Todd Ward  and  Wei-Jing Zhu},
  title     = {Bleu: a Method for Automatic Evaluation of Machine Translation},
  booktitle = {Proceedings of 40th Annual Meeting of the Association for Computational Linguistics},
  series = {ACL'02},
  month     = {July},
  year      = {2002},
  address   = {Philadelphia, Pennsylvania, USA},
  publisher = {Association for Computational Linguistics},
  pages     = {311--318},
  url       = {http://www.aclweb.org/anthology/P02-1040},
  doi       = {10.3115/1073083.1073135}
}

@InProceedings{och2003,
  author    = {Franz Josef Och},
  title     = {Minimum Error Rate Training in Statistical Machine Translation},
  booktitle = {Proceedings of the 41st Annual Meeting of the Association for Computational Linguistics},
  series = {ACL'03},
  month     = {July},
  year      = {2003},
  address   = {Sapporo, Japan},
  publisher = {Association for Computational Linguistics},
  pages     = {160--167},
  url       = {http://www.aclweb.org/anthology/P03-1021},
  doi       = {10.3115/1075096.1075117}
}

@article{sripada03,
author = {Sripada, Somayajulu and Reiter, Ehud and Davy, Ian},
year = {2004},
month = {02},
pages = {},
title = {{SumTime-Mousam}: Configurable marine weather forecast generator},
volume = {},
booktitle = {Expert Update}
}

@article{reiter2003,
	Author = {Ehud Reiter and Roma Robertson and Liesl M. Osman},
	Doi = {https://doi.org/10.1016/S0004-3702(02)00370-3},
	Issn = {0004-3702},
	Journal = {Artificial Intelligence},
	Keywords = {Negative results},
	Number = {1},
	Pages = {41 - 58},
	Title = {Lessons from a failure: Generating tailored smoking cessation letters},
	Url = {http://www.sciencedirect.com/science/article/pii/S0004370202003703},
	Volume = {144},
	Year = {2003}}

@article{krahmer2003,
	author = { Emiel Krahmer  and  Sebastiaan van Erk  and  André Verleg },
	title = {Graph-Based Generation of Referring Expressions},
	journal = {Computational Linguistics},
	volume = {29},
	number = {1},
	pages = {53-72},
	year = {2003},
	doi = {10.1162/089120103321337430},
	URL = { https://doi.org/10.1162/089120103321337430}
}

@inproceedings{koehn2003,
 author = {Koehn, Philipp and Och, Franz Josef and Marcu, Daniel},
 title = {Statistical Phrase-based Translation},
 booktitle = {Proceedings of the 2003 Conference of the North American Chapter of the Association for Computational Linguistics on Human Language Technology - Volume 1},
 series = {NAACL'03},
 year = {2003},
 address = {Edmonton, Canada},
 pages = {48--54},
 numpages = {7},
 url = {http://dx.doi.org/10.3115/1073445.1073462},
 doi = {10.3115/1073445.1073462},
 acmid = {1073462},
 publisher = {Association for Computational Linguistics},
}

@InProceedings{barzilay2004,
  author = 	"Barzilay, Regina
		and Lee, Lillian",
  title = 	"Catching the Drift: Probabilistic Content Models, with Applications to Generation and Summarization",
  booktitle = 	"Proceedings of the Human Language Technology Conference of the North American Chapter of the Association for Computational Linguistics",
  series = {HLT-NAACL'04},
  pages =   "113--120",
  year = 	"2004",
  address = "Boston, MA, USA",
  url = 	"http://www.aclweb.org/anthology/N04-1015",
  publisher = {Association for Computational Linguistics}
}

@inproceedings{kate2005,
 author = {Kate, Rohit J. and Wong, Yuk Wah and Mooney, Raymond J.},
 title = {Learning to Transform Natural to Formal Languages},
 booktitle = {Proceedings of the 20th National Conference on Artificial Intelligence - Volume 3},
 series = {AAAI'05},
 year = {2005},
 isbn = {1-57735-236-x},
 address = {Pittsburgh, Pennsylvania},
 pages = {1062--1068},
 numpages = {7},
 url = {http://dl.acm.org/citation.cfm?id=1619499.1619504},
 acmid = {1619504},
 publisher = {AAAI Press}
}

@inproceedings{stent2005,
 author = {Stent, Amanda and Marge, Matthew and Singhai, Mohit},
 title = {Evaluating Evaluation Methods for Generation in the Presence of Variation},
 booktitle = {Proceedings of the 6th International Conference on Computational Linguistics and Intelligent Text Processing},
 series = {CICLing'05},
 year = {2005},
 isbn = {3-540-24523-5, 978-3-540-24523-0},
 address = {Mexico City, Mexico},
 pages = {341--351},
 numpages = {11},
 url = {http://dx.doi.org/10.1007/978-3-540-30586-6_38},
 doi = {10.1007/978-3-540-30586-6_38},
 acmid = {2132093},
 publisher = {Springer-Verlag}
}

@inproceedings{barzilay2005,
 author = {Barzilay, Regina and Lapata, Mirella},
 title = {Collective Content Selection for Concept-to-text Generation},
 booktitle = {Proceedings of the Conference on Human Language Technology and Empirical Methods in Natural Language Processing},
 series = {HLT'05},
 year = {2005},
 address = {Vancouver, British Columbia, Canada},
 pages = {331--338},
 numpages = {8},
 url = {https://doi.org/10.3115/1220575.1220617},
 doi = {10.3115/1220575.1220617},
 acmid = {1220617},
 publisher = {Association for Computational Linguistics},
}

@article{reiter2005,
 author = {Reiter, Ehud and Sripada, Somayajulu and Hunter, Jim and Yu, Jin and Davy, Ian},
 title = {Choosing Words in Computer-generated Weather Forecasts},
 journal = {Artificial Intelligence},
 issue_date = {September 2005},
 volume = {167},
 number = {1-2},
 month = sep,
 year = {2005},
 issn = {0004-3702},
 pages = {137--169},
 numpages = {33},
 url = {http://dx.doi.org/10.1016/j.artint.2005.06.006},
 doi = {10.1016/j.artint.2005.06.006},
 acmid = {1644548},
 publisher = {Elsevier Science Publishers Ltd.},
 address = {Essex, UK},
 keywords = {Idiolect, Information presentation, Language and the word, Lexical choice, Natural language generation, Natural language processing, Weather forecasts}
}

@inproceedings{nenkova2005,
	Author = {Nenkova, Ani and Siddharthan, Advaith and McKeown, Kathleen},
	Booktitle = {Proceedings of the Conference on Human Language Technology and Empirical Methods in Natural Language Processing},
	Keywords = {Cognitive Status},
	Address = {Vancouver, British Columbia, Canada},
	Numpages = {8},
	Pages = {241--248},
	Publisher = {Association for Computational Linguistics},
	Series = {HLT'05},
	Title = {Automatically Learning Cognitive Status for Multi-document Summarization of Newswire},
	Year = {2005}
}

@InProceedings{finkel2005,
  author    = {Finkel, Jenny Rose  and  Grenager, Trond  and  Manning, Christopher},
  title     = {Incorporating Non-local Information into Information Extraction Systems by Gibbs Sampling},
  booktitle = {Proceedings of the 43rd Annual Meeting of the Association for Computational Linguistics},
  series    = {ACL'05},
  month     = {June},
  year      = {2005},
  address   = {Ann Arbor, Michigan},
  publisher = {Association for Computational Linguistics},
  pages     = {363--370},
  url       = {http://www.aclweb.org/anthology/P05-1045},
  doi       = {10.3115/1219840.1219885}
}

@InProceedings{koehn2005,
	title = "{Edinburgh System Description for the 2005 IWSLT Speech Translation Evaluation}",
	booktitle = "International Workshop on Spoken Language Translation",
	author = "Philipp Koehn and Amittai Axelrod and Alexandra Birch and Chris Callison-Burch and Miles Osborne and David Talbot",
	year = "2005"
}

@inproceedings{ferres2006,
	Acmid = {2098114},
	Author = {Ferres, Leo and Parush, Avi and Roberts, Shelley and Lindgaard, Gitte},
	Booktitle = {Proceedings of the 10th International Conference on Computers Helping People with Special Needs},
	Doi = {10.1007/11788713_163},
	Isbn = {3-540-36020-4, 978-3-540-36020-9},
	Address = {Linz, Austria},
	Numpages = {9},
	Pages = {1122--1130},
	Publisher = {Springer-Verlag},
	Series = {ICCHP'06},
	Title = {Helping People with Visual Impairments Gain Access to Graphical Information Through Natural Language: The iGraph System},
	Url = {http://dx.doi.org/10.1007/11788713_163},
	Year = {2006}}

@InProceedings{koehn2006,
  author = 	"Koehn, Philipp
		and Monz, Christof",
  title = 	"Manual and Automatic Evaluation of Machine Translation between European Languages",
  booktitle = 	"Proceedings on the Workshop on Statistical Machine Translation",
  year = 	"2006",
  publisher = 	"Association for Computational Linguistics",
  pages = 	"102--121",
  address = 	"New York City",
  url = 	"http://www.aclweb.org/anthology/W06-3114"
}

@inproceedings{turner2006,
	Acmid = {1608998},
	Author = {Turner, Ross and Sripada, Somayajulu and Reiter, Ehud and Davy, Ian P.},
	Booktitle = {Proceedings of the Eleventh Conference of the European Chapter of the Association for Computational Linguistics: Demonstrations},
	Address = {Trento, Italy},
	Numpages = {4},
	Pages = {163--166},
	Publisher = {Association for Computational Linguistics},
	Series = {EACL'06},
	Title = {Generating Spatio-temporal Descriptions in Pollen Forecasts},
	Url = {http://dl.acm.org/citation.cfm?id=1608974.1608998},
	Year = {2006}}

@InProceedings{belz2006,
  author = 	"Belz, Anja
		and Reiter, Ehud",
  title = 	"Comparing Automatic and Human Evaluation of {NLG} Systems",
  booktitle = 	"11th Conference of the European Chapter of the Association for Computational Linguistics",
  year = 	"2006",
  series = {EACL'06},
  address = "Trento, Italy"
  url = 	"http://www.aclweb.org/anthology/E06-1040",
  publisher = {Association for Computational Linguistics}
}

@inproceedings{barzilay2006,
 author = {Barzilay, Regina and Lapata, Mirella},
 title = {Aggregation via Set Partitioning for Natural Language Generation},
 booktitle = {Proceedings of the Main Conference on Human Language Technology Conference of the North American Chapter of the Association of Computational Linguistics},
 series = {HLT-NAACL'06},
 year = {2006},
 address = {New York, New York},
 pages = {359--366},
 numpages = {8},
 url = {https://doi.org/10.3115/1220835.1220881},
 doi = {10.3115/1220835.1220881},
 acmid = {1220881},
 publisher = {Association for Computational Linguistics},
}

@InProceedings{snoveretal2006,
  Title                    = {{A study of translation edit rate with targeted human annotation}},
  Author                   = {Matthew Snover and Bonnie Dorr and Richard Schwartz and Linnea Micciulla and John Makhoul},
  Booktitle                = {Proceedings of Association for Machine Translation in the Americas, AMTA},
  Year                     = {2006},
  Address                  = {Cambridge, MA, USA},
  Pages                    = {223--231},
  Owner                    = {icalixto},
  Timestamp                = {2015.06.25}
}

@inproceedings{reiter2007,
	Annote = {Good examples of practical application},
	Author = {Reiter, Ehud},
	Booktitle = {Proceedings of the Eleventh European Workshop on Natural Language Generation},
	Address = {Germany},
	Numpages = {8},
	Pages = {97--104},
	Publisher = {Association for Computational Linguistics},
	Series = {ENLG'07},
	Title = {An Architecture for Data-to-text Systems},
	Url = {http://dl.acm.org/citation.cfm?id=1610163.1610180},
	Year = {2007}}

@inproceedings{sripada2007,
	Author = {Sripada, Somayajulu and Gao, Feng},
	Booktitle = {Workshop on Multimodal Output Generation},
	Pages = {149--157},
	Series = {MOG'07},
	Publisher = {Association for Computational Linguistics},
	Title = {Summarizing Dive Computer Data: A Case Study in Integrating Textual and Graphical Presentations of Numerical Data},
	Year = {2007}}

@article{yu2007,
	title={Choosing the content of textual summaries of large time-series data sets},
	volume={13},
	DOI={10.1017/S1351324905004031},
	number={1},
	journal={Natural Language Engineering},
	publisher={Cambridge University Press},
	author={Yu, Jin and Reiter, Ehud and Hunter, Jim and Mellish, Chris},
	year={2007},
	pages={25–49}}

@InProceedings{white2007,
  author = 	"White, Michael
		and Rajkumar, Rajakrishnan",
  title = 	"A More Precise Analysis of Punctuation for Broad-Coverage Surface Realization with {CCG}",
  booktitle = 	"Coling 2008: Proceedings of the workshop on Grammar Engineering Across Frameworks",
  year = 	"2008",
  publisher = 	"Coling 2008 Organizing Committee",
  pages = 	"17--24",
  address = 	"Manchester, England",
  url = 	"http://www.aclweb.org/anthology/W08-1703"
}

@InProceedings{lavieAgarwal2007,
  Title                    = {{Meteor}: An Automatic Metric for {MT} Evaluation with High Levels of Correlation with Human Judgments},
  Author                   = {Lavie, Alon and Agarwal, Abhaya},
  Booktitle                = {Proceedings of the Second Workshop on Statistical Machine Translation},
  Year                     = {2007},
  Address                  = {Prague, Czech Republic},
  Pages                    = {228--231},
  Series                   = {StatMT'07},
  Acmid                    = {1626389},
  Numpages                 = {4},
  Owner                    = {icalixto},
  Timestamp                = {2015.06.25},
  Url                      = {http://dl.acm.org/citation.cfm?id=1626355.1626389}
}

@misc{crfsuite,
	author = {Naoaki Okazaki},
	title = {{CRF}suite: a fast implementation of Conditional Random Fields ({CRF}s)},
	url = {http://www.chokkan.org/software/crfsuite/},
	year = {2007}
}

@inproceedings{koehn2007,
 author = {Koehn, Philipp and Hoang, Hieu and Birch, Alexandra and Callison-Burch, Chris and Federico, Marcello and Bertoldi, Nicola and Cowan, Brooke and Shen, Wade and Moran, Christine and Zens, Richard and Dyer, Chris and Bojar, Ond\v{r}ej and Constantin, Alexandra and Herbst, Evan},
 title = {Moses: Open Source Toolkit for Statistical Machine Translation},
 booktitle = {Proceedings of the 45th Annual Meeting of the ACL on Interactive Poster and Demonstration Sessions},
 series = {ACL'07},
 year = {2007},
 address = {Prague, Czech Republic},
 pages = {177--180},
 numpages = {4},
 url = {http://dl.acm.org/citation.cfm?id=1557769.1557821},
 acmid = {1557821},
 publisher = {Association for Computational Linguistics},
}

@inproceedings{chen2008,
 author = {Chen, David L. and Mooney, Raymond J.},
 title = {Learning to Sportscast: A Test of Grounded Language Acquisition},
 booktitle = {Proceedings of the 25th International Conference on Machine Learning},
 series = {ICML'08},
 year = {2008},
 isbn = {978-1-60558-205-4},
 address = {Helsinki, Finland},
 pages = {128--135},
 numpages = {8},
 url = {http://doi.acm.org/10.1145/1390156.1390173},
 doi = {10.1145/1390156.1390173},
 acmid = {1390173},
 publisher = {ACM},
 address = {New York, NY, USA},
}

@inproceedings{gao2008,
 author = {Gao, Qin and Vogel, Stephan},
 title = {Parallel Implementations of Word Alignment Tool},
 booktitle = {Software Engineering, Testing, and Quality Assurance for Natural Language Processing},
 series = {SETQA-NLP'08},
 year = {2008},
 isbn = {978-1-932432-10-7},
 address = {Columbus, Ohio},
 pages = {49--57},
 numpages = {9},
 url = {http://dl.acm.org/citation.cfm?id=1622110.1622119},
 acmid = {1622119},
 publisher = {Association for Computational Linguistics},
}

@article{belz2008,
	title={Automatic generation of weather forecast texts using comprehensive probabilistic generation-space models},
	volume={14},
	DOI={10.1017/S1351324907004664},
	number={4},
	journal={Natural Language Engineering},
	publisher={Cambridge University Press},
	author={Belz, Anja},
	year={2008},
	pages={431–455}}

@inproceedings{bohnet2008,
 author = {Bohnet, Bernd},
 title = {The Fingerprint of Human Referring Expressions and Their Surface Realization with Graph Transducers},
 booktitle = {Proceedings of the Fifth International Natural Language Generation Conference},
 series = {INLG'08},
 year = {2008},
 address = {Salt Fork, Ohio},
 pages = {207--210},
 numpages = {4},
 publisher = {Association for Computational Linguistics},
}

@InProceedings{galley2008,
  author    = {Galley, Michel  and  Manning, Christopher D.},
  title     = {A Simple and Effective Hierarchical Phrase Reordering Model},
  booktitle = {Proceedings of the 2008 Conference on Empirical Methods in Natural Language Processing},
  month     = {October},
  year      = {2008},
  series    = {EMNLP'08},
  address   = {Honolulu, Hawaii},
  publisher = {Association for Computational Linguistics},
  pages     = {848--856},
  url       = {http://www.aclweb.org/anthology/D08-1089}
}

@article{portet2009,
title = {Automatic generation of textual summaries from neonatal intensive care data},
journal = {Artificial Intelligence},
volume = {173},
number = {7–8},
pages = {789 - 816},
year = {2009},
issn = {0004-3702},
author = {François Portet and Ehud Reiter and Albert Gatt and Jim Hunter and Somayajulu Sripada and Yvonne Freer and Cindy Sykes}
}

@article{bizer2009,
title = "{DB}pedia - A crystallization point for the Web of Data ",
journal = "Web Semantics: Science, Services and Agents on the World Wide Web ",
volume = "7",
number = "3",
pages = "154 - 165",
year = "2009",
note = "The Web of Data ",
issn = "1570-8268",
doi = "http://dx.doi.org/10.1016/j.websem.2009.07.002",
url = "http://www.sciencedirect.com/science/article/pii/S1570826809000225",
author = "Christian Bizer and Jens Lehmann and Georgi Kobilarov and Sören Auer and Christian Becker and Richard Cyganiak and Sebastian Hellmann",
}

@inproceedings{liang2009,
 author = {Liang, Percy and Jordan, Michael I. and Klein, Dan},
 title = {Learning Semantic Correspondences with Less Supervision},
 booktitle = {Proceedings of the Joint Conference of the 47th Annual Meeting of the ACL and the 4th International Joint Conference on Natural Language Processing of the AFNLP: Volume 1 - Volume 1},
 series = {ACL'09},
 year = {2009},
 isbn = {978-1-932432-45-9},
 address = {Suntec, Singapore},
 pages = {91--99},
 numpages = {9},
 url = {http://dl.acm.org/citation.cfm?id=1687878.1687893},
 acmid = {1687893},
 publisher = {Association for Computational Linguistics},
}

@inproceedings{lu2009,
 author = {Lu, Wei and Ng, Hwee Tou and Lee, Wee Sun},
 title = {Natural Language Generation with Tree Conditional Random Fields},
 booktitle = {Proceedings of the 2009 Conference on Empirical Methods in Natural Language Processing: Volume 1 - Volume 1},
 series = {EMNLP'09},
 year = {2009},
 isbn = {978-1-932432-59-6},
 address = {Singapore},
 pages = {400--409},
 numpages = {10},
 url = {http://dl.acm.org/citation.cfm?id=1699510.1699563},
 acmid = {1699563},
 publisher = {Association for Computational Linguistics},
}

@inproceedings{gatt2009,
 author = {Gatt, Albert and Reiter, Ehud},
 title = {Simple{NLG}: A Realisation Engine for Practical Applications},
 booktitle = {Proceedings of the 12th European Workshop on Natural Language Generation},
 series = {ENLG '09},
 year = {2009},
 address = {Athens, Greece},
 pages = {90--93},
 numpages = {4},
 url = {http://dl.acm.org/citation.cfm?id=1610195.1610208},
 acmid = {1610208},
 publisher = {Association for Computational Linguistics},
}

@inproceedings{greenbacker2009,
	Author = {Greenbacker, Charles F and McCoy, Kathleen F},
	Booktitle = {Proceedings of the CogSci 2009 Workshop on Production of Referring Expressions},
	Series = {PRE-Cogsci'09},
	Title = {Feature selection for reference generation as informed by psycholinguistic research},
	Year = {2009}
}

@inproceedings{gupta2009,
	Author = {Gupta, Samir and Bandopadhyay, Sivaji},
	Booktitle = {Proceedings of the 2009 Workshop on Language Generation and Summarisation},
	Isbn = {978-1-932432-51-0},
	Address = {Suntec, Singapore},
	Numpages = {2},
	Pages = {103--104},
	Publisher = {Association for Computational Linguistics},
	Series = {UCNLG+Sum'09},
	Title = {{JUNLG-MSR}: A Machine Learning Approach of Main Subject Reference Selection with Rule Based Improvement},
	Year = {2009}
}

@inproceedings{orasan2009,
	Author = {Or\u{a}san, Constantin and Dornescu, Iustin},
	Booktitle = {Proceedings of the 2009 Workshop on Language Generation and Summarisation},
	Isbn = {978-1-932432-51-0},
	Address = {Suntec, Singapore},
	Numpages = {2},
	Pages = {107--108},
	Publisher = {Association for Computational Linguistics},
	Series = {UCNLG+Sum'09},
	Title = {{WLV}: A Confidence-based Machine Learning Method for the {GREC-NEG}'09 Task},
	Year = {2009}
}

@inproceedings{kim2010,
 author = {Kim, Joohyun and Mooney, Raymond J.},
 title = {Generative Alignment and Semantic Parsing for Learning from Ambiguous Supervision},
 booktitle = {Proceedings of the 23rd International Conference on Computational Linguistics: Posters},
 series = {COLING'10},
 year = {2010},
 address = {Beijing, China},
 pages = {543--551},
 numpages = {9},
 url = {http://dl.acm.org/citation.cfm?id=1944566.1944628},
 acmid = {1944628},
 publisher = {Association for Computational Linguistics},
}

@inproceedings{angeli2010,
 author = {Angeli, Gabor and Liang, Percy and Klein, Dan},
 title = {A Simple Domain-independent Probabilistic Approach to Generation},
 booktitle = {Proceedings of the 2010 Conference on Empirical Methods in Natural Language Processing},
 series = {EMNLP'10},
 year = {2010},
 address = {Cambridge, Massachusetts},
 pages = {502--512},
 numpages = {11},
 url = {http://dl.acm.org/citation.cfm?id=1870658.1870707},
 acmid = {1870707},
 publisher = {Association for Computational Linguistics},
}

@article{jaeger2010,
  title={Redundancy and reduction: Speakers manage syntactic information density},
  author={Jaeger, T Florian},
  journal={Cognitive psychology},
  volume={61},
  number={1},
  pages={23--62},
  year={2010},
  publisher={Elsevier}
}

@incollection{belz2010,
	Address = {Berlin, Heidelberg},
	Author = {Anja Belz and Eric Kow and Jette Viethen and Albert Gatt},
	Editor = {Emiel Krahmer and Mari\"{e}t Theune},
	Isbn = {3-642-15572-3, 978-3-642-15572-7},
	Numpages = {34},
	Pages = {294--327},
	Publisher = {Springer-Verlag},
	Title = {Generating Referring Expressions in Context: The {GREC} Task Evaluation Challenges},
	booktitle   = {Empirical Methods in Natural Language Generation},
	Year = {2010}
}

@incollection{dale2010,
  title={Attribute-centric referring expression generation},
  author={Dale, Robert and Viethen, Jette},
  booktitle={Empirical methods in natural language generation},
  pages={163--179},
  year={2010},
  publisher={Springer}
}

@inproceedings{viethen2010,
	Address = {Melbourne, Australia},
	Author = {Jette Viethen and Robert Dale},
	Booktitle = {Proceedings of the Australasian Language Technology Association Workshop 2010},
	Month = {December},
	Pages = {81--89},
	Title = {Speaker-Dependent Variation in Content Selection for Referring Expression Generation},
	Year = {2010}
}

@inproceedings{greenbacker2010,
	Author = {Greenbacker, Charles F. and Sparks, Nicole L. and McCoy, Kathleen F. and Kuo, Che-Yu},
	Booktitle = {Proceedings of the 6th International Natural Language Generation Conference},
	Address = {Trim, Co. Meath, Ireland},
	Numpages = {2},
	Pages = {239--240},
	Publisher = {Association for Computational Linguistics},
	Series = {INLG'10},
	Title = {UDel: Refining a Method of Named Entity Generation},
	Year = {2010}
}

@incollection{gatt2010,
 author = {Gatt, Albert and Belz, Anja},
 title = {Introducing Shared Tasks to {NLG}: The {TUNA} Shared Task Evaluation Challenges},
 booktitle = {Empirical Methods in Natural Language Generation},
 editor = {Krahmer, Emiel and Theune, Mari\"{e}t},
 year = {2010},
 isbn = {3-642-15572-3, 978-3-642-15572-7},
 pages = {264--293},
 numpages = {30},
 url = {http://dl.acm.org/citation.cfm?id=1880370.1880389},
 acmid = {1880389},
 publisher = {Springer-Verlag},
 address = {Berlin, Heidelberg},
}

@InProceedings{glorot2011,
  title = 	 {Understanding the difficulty of training deep feedforward neural networks},
  author = 	 {Xavier Glorot and Yoshua Bengio},
  booktitle = 	 {Proceedings of the Thirteenth International Conference on Artificial Intelligence and Statistics},
  pages = 	 {249--256},
  series = 	 {Proceedings of Machine Learning Research},
  year = 	 {2010},
  volume = 	 {9},
  address = 	 {Chia Laguna Resort, Sardinia, Italy},
  month = 	 {13--15 May},
  publisher = 	 {PMLR},
  pdf = 	 {http://proceedings.mlr.press/v9/glorot10a/glorot10a.pdf},
  url = 	 {http://proceedings.mlr.press/v9/glorot10a.html}
}

@InProceedings{bayyarapu2011,
  author = 	"Bayyarapu, Hemanth Sagar",
  title = 	"Efficient algorithm for Context Sensitive Aggregation in Natural Language generation",
  booktitle = 	"Proceedings of the International Conference Recent Advances in Natural Language Processing",
  series   = "RANLP'11",
  year = 	"2011",
  publisher = 	"Association for Computational Linguistics",
  pages = 	"84--89",
  address = 	"Hissar, Bulgaria",
  url = 	"http://aclanthology.coli.uni-saarland.de/pdf/R/R11/R11-1012.pdf"
}

@InProceedings{belz2011,
  author = 	"Belz, Anja
		and White, Mike
		and Espinosa, Dominic
		and Kow, Eric
		and Hogan, Deirdre
		and Stent, Amanda",
  title = 	"The First Surface Realisation Shared Task: Overview and Evaluation Results",
  booktitle = 	"Proceedings of the 13th European Workshop on Natural Language Generation",
  year = 	"2011",
  publisher = 	"Association for Computational Linguistics",
  pages = 	"217--226",
  address = 	"Nancy, France",
  url = 	"http://www.aclweb.org/anthology/W11-2832"
}

@article{siddharthan2011,
  author    = {Advaith Siddharthan and
               Ani Nenkova and
               Kathleen McKeown},
  title     = {Information Status Distinctions and Referring Expressions: An Empirical
               Study of References to People in News Summaries},
  journal   = {Computational Linguistics},
  volume    = {37},
  number    = {4},
  pages     = {811--842},
  year      = {2011},
  url       = {http://dx.doi.org/10.1162/COLI_a_00077},
  doi       = {10.1162/COLI_a_00077},
  timestamp = {Tue, 17 Jan 2012 15:52:37 +0100},
  biburl    = {http://dblp.uni-trier.de/rec/bib/journals/coling/SiddharthanNM11},
  bibsource = {dblp computer science bibliography, http://dblp.org}
}

@InProceedings{clarketal2011,
  Title                    = {{Better Hypothesis Testing for Statistical Machine Translation: Controlling for Optimizer Instability}},
  Author                   = {Clark, Jonathan H. and Dyer, Chris and Lavie, Alon and Smith, Noah A.},
  Booktitle                = {Proceedings of the 49th Annual Meeting of the Association for Computational Linguistics: Human Language Technologies: Short Papers - Volume 2},
  Year                     = {2011},
  Address                  = {Portland, Oregon},
  Pages                    = {176--181},
  Series                   = {ACL'11},
  Acmid                    = {2002774},
  ISBN                     = {978-1-932432-88-6},
  Numpages                 = {6},
  Owner                    = {icalixto},
  Timestamp                = {2016.03.10},
  Url                      = {http://dl.acm.org/citation.cfm?id=2002736.2002774}
}

@techreport{singh12,
      author    = "Sameer Singh and Amarnag Subramanya and Fernando Pereira and Andrew McCallum",
      title     = "Wikilinks: A Large-scale Cross-Document Coreference Corpus Labeled via Links to {Wikipedia}",
      institute = "University of Massachusetts, Amherst",
      number    = "UM-CS-2012-015",
      year      = "2012"
}

@inproceedings{konstantinova2012,
  author    = {Natalia Konstantinova and
               Sheila C. M. de Sousa and
               Noa P. Cruz D{\'{\i}}az and
               Manuel J. Ma{\~{n}}a L{\'{o}}pez and
               Maite Taboada and
               Ruslan Mitkov},
  title     = {A review corpus annotated for negation, speculation and their scope},
  booktitle = {Proceedings of the Eighth International Conference on Language Resources
               and Evaluation},
  series    = {LREC'12},
  address   = {Istanbul, Turkey},
  pages     = {3190--3195},
  year      = {2012}
}

@article{deemter2012,
	Author = {Van Deemter, Kees and Gatt, Albert and van Gompel, Roger PG and Krahmer, Emiel},
	Journal = {Topics in cognitive science},
	Number = {2},
	Pages = {166--183},
	Publisher = {Wiley Online Library},
	Title = {Toward a computational psycholinguistics of reference production},
	Volume = {4},
	Year = {2012}
}

@article{krahmer2012,
	Author = {Emiel Krahmer and Kees van Deemter},
	Journal = {Computational Linguistics},
	Number = {1},
	Pages = {173--218},
	Publisher = {MIT Press},
	Rating = {5},
	Read = {1},
	Title = {Computational generation of referring expressions: A survey},
	Volume = {38},
	Year = {2012}
}

@inproceedings{wubben2012,
 author = {Wubben, Sander and van den Bosch, Antal and Krahmer, Emiel},
 title = {Sentence Simplification by Monolingual Machine Translation},
 booktitle = {Proceedings of the 50th Annual Meeting of the Association for Computational Linguistics: Long Papers - Volume 1},
 series = {ACL'12},
 year = {2012},
 address = {Jeju Island, Korea},
 pages = {1015--1024},
 numpages = {10},
 url = {http://dl.acm.org/citation.cfm?id=2390524.2390660},
 acmid = {2390660},
 publisher = {Association for Computational Linguistics},
}

@Article{zeiler2012,
  Title                    = {{ADADELTA}: An Adaptive Learning Rate Method},
  Author                   = {Matthew D. Zeiler},
  Journal                  = {CoRR},
  Year                     = {2012},
  Volume                   = {abs/1212.5701},
  Bibsource                = {dblp computer science bibliography, http://dblp.org},
  Biburl                   = {http://dblp.uni-trier.de/rec/bib/journals/corr/abs-1212-5701},
  Owner                    = {icalixto},
  Timestamp                = {Wed, 02 Jan 2013 09:49:04 +0100},
  Url                      = {http://arxiv.org/abs/1212.5701}
}

@inproceedings{cherry2012,
 author = {Cherry, Colin and Foster, George},
 title = {Batch Tuning Strategies for Statistical Machine Translation},
 booktitle = {Proceedings of the 2012 Conference of the North American Chapter of the Association for Computational Linguistics: Human Language Technologies},
 series = {NAACL-HLT'12},
 year = {2012},
 isbn = {978-1-937284-20-6},
 address = {Montreal, Canada},
 pages = {427--436},
 numpages = {10},
 url = {http://dl.acm.org/citation.cfm?id=2382029.2382089},
 acmid = {2382089},
 publisher = {Association for Computational Linguistics},
}

@InProceedings{duma2013,
  author = 	"Duma, Daniel
		and Klein, Ewan",
  title = 	"Generating Natural Language from Linked Data: Unsupervised template extraction",
  booktitle = 	"Proceedings of the 10th International Conference on Computational Semantics (IWCS 2013) -- Long Papers",
  year = 	"2013",
  publisher = 	"Association for Computational Linguistics",
  pages = 	"83--94",
  address = 	"Potsdam, Germany",
  url = 	"http://www.aclweb.org/anthology/W13-0108"
}

@article{androutsopoulos2013,
 author = {Androutsopoulos, Ion and Lampouras, Gerasimos and Galanis, Dimitrios},
 title = {Generating Natural Language Descriptions from OWL Ontologies: The Natural {OWL} System},
 journal = {Journal of Artificial Intelligence Research},
 issue_date = {October 2013},
 volume = {48},
 number = {1},
 month = oct,
 year = {2013},
 issn = {1076-9757},
 pages = {671--715},
 numpages = {45},
 url = {http://dl.acm.org/citation.cfm?id=2591248.2591263},
 acmid = {2591263},
 publisher = {AI Access Foundation},
 address = {USA},
}

@article{konstas2013,
	Acmid = {2591256},
	Address = {USA},
	Author = {Konstas, Ioannis and Lapata, Mirella},
	Issn = {1076-9757},
	Issue_Date = {October 2013},
	Journal = {Journal of Artificial Intelligence Research},
	Month = oct,
	Number = {1},
	Numpages = {42},
	Pages = {305--346},
	Publisher = {AI Access Foundation},
	Title = {A Global Model for Concept-to-text Generation},
	Url = {http://dl.acm.org/citation.cfm?id=2591248.2591256},
	Volume = {48},
	Year = {2013}}

@InProceedings{banarescu2013,
  author    = {Banarescu, Laura  and  Bonial, Claire  and  Cai, Shu  and  Georgescu, Madalina  and  Griffitt, Kira  and  Hermjakob, Ulf  and  Knight, Kevin  and  Koehn, Philipp  and  Palmer, Martha  and  Schneider, Nathan},
  title     = {Abstract Meaning Representation for Sembanking},
  booktitle = {Proceedings of the 7th Linguistic Annotation Workshop and Interoperability with Discourse},
  month     = {August},
  year      = {2013},
  address   = {Sofia, Bulgaria},
  publisher = {Association for Computational Linguistics},
  pages     = {178--186},
  url       = {http://www.aclweb.org/anthology/W13-2322}
}

@inproceedings{mesnil2013,
  author    = {Gr{\'{e}}goire Mesnil and
               Xiaodong He and
               Li Deng and
               Yoshua Bengio},
  title     = {Investigation of recurrent-neural-network architectures and learning
               methods for spoken language understanding},
  booktitle = {14th Annual Conference of the International Speech
               Communication Association},
  series    = {{INTERSPEECH}'13},
  address   = {Lyon, France},
  pages     = {3771--3775},
  year      = {2013}
}

@inproceedings{zarriess2013,
    address = {Sofia, Bulgaria},
    author = {Zarrie{ss}, Sina and Kuhn, Jonas},
    booktitle = {Proceedings of the 51st Annual Meeting of the Association for Computational Linguistics (Volume 1: Long Papers)},
    series = {ACL'13},
    month = {August},
    pages = {1547--1557},
    publisher = {Association for Computational Linguistics},
    title = {{Combining Referring Expression Generation and Surface Realization: A Corpus-Based Investigation of Architectures}},
    url = {http://www.aclweb.org/anthology/P13-1152},
    year = {2013}
}

@Article{graves2013,
  Title                    = {{Generating Sequences With Recurrent Neural Networks}},
  Author                   = {Alex Graves},
  Journal                  = {CoRR},
  Year                     = {2013},
  Volume                   = {abs/1308.0850},
  Bibsource                = {dblp computer science bibliography, http://dblp.org},
  Biburl                   = {http://dblp.uni-trier.de/rec/bib/journals/corr/Graves13},
  Owner                    = {icalixto},
  Timestamp                = {Tue, 10 Dec 2013 12:03:02 +0100},
  Url                      = {http://arxiv.org/abs/1308.0850}
}


@Article{hodoshetal2013,
  Title                    = {{Framing Image Description As a Ranking Task: Data, Models and Evaluation Metrics}},
  Author                   = {Hodosh, Micah and Young, Peter and Hockenmaier, Julia},
  Journal                  = {J. Artif. Int. Res.},
  Year                     = {2013},
  Number                   = {1},
  Pages                    = {853--899},
  Volume                   = {47},
  Acmid                    = {2566993},
  Address                  = {USA},
  ISSN                     = {1076-9757},
  Issue_date               = {May 2013},
  Numpages                 = {47},
  Owner                    = {icalixto},
  Publisher                = {AI Access Foundation},
  Timestamp                = {2015.06.29},
  Url                      = {http://dl.acm.org/citation.cfm?id=2566972.2566993}
}

@InProceedings{lerner2013,
  author    = {Lerner, Uri  and  Petrov, Slav},
  title     = {Source-Side Classifier Preordering for Machine Translation},
  booktitle = {Proceedings of the 2013 Conference on Empirical Methods in Natural Language Processing},
  month     = {October},
  year      = {2013},
  series    = {EMNLP'13},
  address   = {Seattle, Washington, USA},
  publisher = {Association for Computational Linguistics},
  pages     = {513--523},
  url       = {http://www.aclweb.org/anthology/D13-1049}
}

@InProceedings{heafield2013,
  author    = {Heafield, Kenneth  and  Pouzyrevsky, Ivan  and  Clark, Jonathan H.  and  Koehn, Philipp},
  title     = {Scalable Modified Kneser-Ney Language Model Estimation},
  booktitle = {Proceedings of the 51st Annual Meeting of the Association for Computational Linguistics (Volume 2: Short Papers)},
  series = {ACL'13},
  month     = {August},
  year      = {2013},
  address   = {Sofia, Bulgaria},
  publisher = {Association for Computational Linguistics},
  pages     = {690--696},
  url       = {http://www.aclweb.org/anthology/P13-2121}
}

@InProceedings{manning2014,
  author    = {Manning, Christopher D. and  Surdeanu, Mihai  and  Bauer, John  and  Finkel, Jenny  and  Bethard, Steven J. and  McClosky, David},
  title     = {The {Stanford} {CoreNLP} Natural Language Processing Toolkit},
  booktitle = {Association for Computational Linguistics (ACL) System Demonstrations},
  year      = {2014},
  pages     = {55--60},
  url       = {http://www.aclweb.org/anthology/P/P14/P14-5010}
}

@InProceedings{zhang2014,
  author = 	"Zhang, Xingxing
		and Lapata, Mirella",
  title = 	"Chinese Poetry Generation with Recurrent Neural Networks",
  booktitle = 	"Proceedings of the 2014 Conference on Empirical Methods in Natural      Language Processing",
  series =  "EMNLP'14",
  year = 	"2014",
  publisher = 	"Association for Computational Linguistics",
  pages = 	"670--680",
  address = 	"Doha, Qatar",
  doi = 	"10.3115/v1/D14-1074",
  url = 	"http://www.aclweb.org/anthology/D14-1074"
}

@article{vrandecic2014,
 author = {Vrande\v{c}i\'{c}, Denny and Kr\"{o}tzsch, Markus},
 title = {Wikidata: A Free Collaborative Knowledgebase},
 journal = {Commun. ACM},
 issue_date = {October 2014},
 volume = {57},
 number = {10},
 month = sep,
 year = {2014},
 issn = {0001-0782},
 pages = {78--85},
 numpages = {8},
 url = {http://doi.acm.org/10.1145/2629489},
 doi = {10.1145/2629489},
 acmid = {2629489},
 publisher = {ACM},
 address = {New York, NY, USA}
}

@article{clerwall2014,
	Author = {Christer Clerwall},
	Doi = {10.1080/17512786.2014.883116},
	Eprint = {http://dx.doi.org/10.1080/17512786.2014.883116},
	Journal = {Journalism Practice},
	Number = {5},
	Pages = {519-531},
	Title = {Enter the Robot Journalist},
	Url = {http://dx.doi.org/10.1080/17512786.2014.883116},
	Volume = {8},
	Year = {2014}
}

@InProceedings{gkatzia2014,
  author    = {Gkatzia, Dimitra  and  Hastie, Helen  and  Lemon, Oliver},
  title     = {Comparing Multi-label Classification with Reinforcement Learning for Summarisation of Time-series Data},
  booktitle = {Proceedings of the 52nd Annual Meeting of the Association for Computational Linguistics (Volume 1: Long Papers)},
  series = {ACL'14},
  month     = {June},
  year      = {2014},
  address   = {Baltimore, Maryland},
  publisher = {Association for Computational Linguistics},
  pages     = {1231--1240},
  url       = {http://www.aclweb.org/anthology/P14-1116}
}

@article{kuhn2014,
 	author = {Kuhn, Tobias},
	 title = {A Survey and Classification of Controlled Natural Languages},
	 journal = {Computational Linguistics},
	 issue_date = {March 2014},
	 volume = {40},
	 number = {1},
	 month = mar,
	 year = {2014},
	 issn = {0891-2017},
	 pages = {121--170},
	 numpages = {50},
	 url = {http://dx.doi.org/10.1162/COLI_a_00168},
	 doi = {10.1162/COLI_a_00168},
	 acmid = {2645247},
	 publisher = {MIT Press},
 	address = {Cambridge, MA, USA}
}

@incollection{ferreira2014,
year={2014},
isbn={978-3-319-10815-5},
booktitle={Text, Speech and Dialogue},
volume={8655},
series={Lecture Notes in Computer Science},
editor={Sojka, Petr and Hor\'ak, Ale{\v{s}} and Kope{\v{C}}ek, Ivan and Pala, Karel},
title={Referring Expression Generation: Taking Speakers’ Preferences into Account},
publisher={Springer International Publishing},
keywords={Natural Language Generation; Referring Expressions},
author={Castro Ferreira, Thiago and Paraboni, Ivandr\'e},
pages={539-546},
language={English}
}

@incollection{stent2014,
  author      = {van Deemter, Kees},
  title       = {Referability},
  editor      = {Stent, Amanda and Bangalore, Srinivas},
  booktitle   = {Natural Language Generation in Interactive Systems},
  publisher   = {Cambridge University Press},
  address     = {New York, NY, USA},
  year        = {2014},
  pages       = {101-103},
  chapter     = {5},
}

@InProceedings{gyawali2014,
  author = 	"Gyawali, Bikash
		and Gardent, Claire",
  title = 	"Surface Realisation from Knowledge-Bases",
  booktitle = 	"Proceedings of the 52nd Annual Meeting of the Association for      Computational Linguistics (Volume 1: Long Papers)    ",
  series = {ACL'14},
  year = 	"2014",
  publisher = 	"Association for Computational Linguistics",
  pages = 	"424--434",
  address = 	"Baltimore, Maryland",
  doi = 	"10.3115/v1/P14-1040",
  url = 	"http://aclanthology.coli.uni-saarland.de/pdf/P/P14/P14-1040.pdf"
}

@inproceedings{sutskever2014,
  author    = {Ilya Sutskever and
               Oriol Vinyals and
               Quoc V. Le},
  title     = {Sequence to Sequence Learning with Neural Networks},
  booktitle = {Advances in Neural Information Processing Systems 27: Annual Conference
               on Neural Information Processing Systems},
  address   = {Montreal, Quebec, Canada},
  pages     = {3104--3112},
  year      = {2014}
}

@InProceedings{flanigan2014,
  author    = {Flanigan, Jeffrey  and  Thomson, Sam  and  Carbonell, Jaime  and  Dyer, Chris  and  Smith, Noah A.},
  title     = {A Discriminative Graph-Based Parser for the Abstract Meaning Representation},
  booktitle = {Proceedings of the 52nd Annual Meeting of the Association for Computational Linguistics (Volume 1: Long Papers)},
  series = {ACL'14},
  month     = {June},
  year      = {2014},
  address   = {Baltimore, Maryland},
  publisher = {Association for Computational Linguistics},
  pages     = {1426--1436},
  url       = {http://www.aclweb.org/anthology/P14-1134}
}

@InProceedings{choetal2014b,
  Title                    = {{On the Properties of Neural Machine Translation: Encoder--Decoder Approaches}},
  Author                   = {Cho, Kyunghyun and van Merrienboer, Bart and Bahdanau, Dzmitry and Bengio, Yoshua},
  Year                     = {2014},
  Month                    = {October},
  Pages                    = {103--111},
  Address                  = {Doha, Qatar},
  Booktitle                = {Proceedings of SSST-8, Eighth Workshop on Syntax, Semantics and Structure in Statistical Translation},
  Url                      = {http://www.aclweb.org/anthology/W14-4012}
}



@InProceedings{pourdamghani2014,
  author    = {Pourdamghani, Nima  and  Gao, Yang  and  Hermjakob, Ulf  and  Knight, Kevin},
  title     = {Aligning English Strings with Abstract Meaning Representation Graphs},
  booktitle = {Proceedings of the 2014 Conference on Empirical Methods in Natural Language Processing},
  series    = {EMNLP'14},
  month     = {October},
  year      = {2014},
  address   = {Doha, Qatar},
  publisher = {Association for Computational Linguistics},
  pages     = {425--429},
  url       = {http://www.aclweb.org/anthology/D14-1048}
}

@InProceedings{vinyalsetal2014,
  Title                    = {Show and tell: {A} neural image caption generator},
  Author                   = {Oriol Vinyals and Alexander Toshev and Samy Bengio and Dumitru Erhan},
  Booktitle                = {{IEEE} Conference on Computer Vision and Pattern Recognition, {CVPR} 2015},
  Address                  = {Boston, Massachusetts},
  Year                     = {2015},
  Pages                    = {3156--3164}
}

@InProceedings{orita2015,
  author = 	"Orita, Naho
		and Vornov, Eliana
		and Feldman, Naomi
		and Daum{\'e} III, Hal",
  title = 	"Why discourse affects speakers' choice of referring expressions",
  booktitle = 	"Proceedings of the 53rd Annual Meeting of the Association for Computational Linguistics and the 7th International Joint Conference on Natural Language Processing (Volume 1: Long Papers)",
  series = {ACL'15},
  year = 	"2015",
  publisher = 	"Association for Computational Linguistics",
  pages = 	"1639--1649",
  address = 	"Beijing, China",
  doi = 	"10.3115/v1/P15-1158",
  url = 	"http://www.aclweb.org/anthology/P15-1158"
}

@inproceedings{wen2015,
	Address = {Lisbon, Portugal},
	Author = {Wen, Tsung-Hsien and Gasic, Milica and Mrk\v{s}i\'{c}, Nikola and Su, Pei-Hao and Vandyke, David and Young, Steve},
	Booktitle = {Proceedings of the 2015 Conference on Empirical Methods in Natural Language Processing},
	series    = {EMNLP'15},
	Month = {September},
	Pages = {1711--1721},
	Publisher = {Association for Computational Linguistics},
	Title = {Semantically Conditioned {LSTM}-based Natural Language Generation for Spoken Dialogue Systems},
	Url = {http://aclweb.org/anthology/D15-1199},
	Year = {2015}}

@inproceedings{xu2015,
   Publisher = {JMLR Workshop and Conference Proceedings},
   title="Show, Attend and Tell: Neural Image Caption Generation with Visual Attention",
   Author={Xu, Kelvin and Ba, Jimmy and Kiros, Ryan and Cho, Kyunghyun and Courville, Aaron and Salakhudinov, Ruslan and Zemel, Rich and Bengio, Yoshua},
   year="2015",
   Booktitle="Proceedings of the 32nd International Conference on Machine Learning (ICML-15)",
   Editor={David Blei and Francis Bach},
   pages="2048-2057",
   url="http://jmlr.org/proceedings/papers/v37/xuc15.pdf"
}

@InProceedings{bahdanau2015,
  Title                    = {{Neural Machine Translation by Jointly Learning to Align and Translate}},
  Author                   = {Bahdanau, Dzmitry and Cho, Kyunghyun and Bengio, Yoshua},
  Booktitle                = {International Conference on Learning Representations},
  Series                   = {ICLR'15},
  Year                     = {2015},
  Address                  = {San Diego, California.},
  Owner                    = {icalixto},
  Timestamp                = {Wed, 01 Oct 2014 15:00:04 +0200}
}

@InProceedings{artzi2015,
  author    = {Artzi, Yoav  and  Lee, Kenton  and  Zettlemoyer, Luke},
  title     = {Broad-coverage {CCG} Semantic Parsing with {AMR}},
  booktitle = {Proceedings of the 2015 Conference on Empirical Methods in Natural Language Processing},
  series    = {EMNLP'15},
  month     = {September},
  year      = {2015},
  address   = {Lisbon, Portugal},
  publisher = {Association for Computational Linguistics},
  pages     = {1699--1710},
  url       = {http://aclweb.org/anthology/D15-1198}
}

@InProceedings{vstajner2015,
  author    = {\v{S}tajner, Sanja  and  Calixto, Iacer  and  Saggion, Horacio},
  title     = {Automatic Text Simplification for Spanish: Comparative Evaluation of Various Simplification Strategies},
  booktitle = {Proceedings of the International Conference Recent Advances in Natural Language Processing},
  month     = {September},
  year      = {2015},
  address   = {Hissar, Bulgaria},
  pages     = {618--626},
  url       = {http://www.aclweb.org/anthology/R15-1080}
}

@InProceedings{bojaretal2015,
  Title                    = {{Findings of the 2015 Workshop on Statistical Machine Translation}},
  Author                   = {Bojar, Ond\v{r}ej and Chatterjee, Rajen and Federmann, Christian and Haddow, Barry and Huck, Matthias and Hokamp, Chris and Koehn, Philipp and Logacheva, Varvara and Monz, Christof and Negri, Matteo and Post, Matt and Scarton, Carolina and Specia, Lucia and Turchi, Marco},
  Booktitle                = {Proceedings of the Tenth Workshop on Statistical Machine Translation},
  Year                     = {2015},
  Address                  = {Lisbon, Portugal},
  Month                    = {September},
  Pages                    = {1--46},
  Publisher                = {Association for Computational Linguistics},
  Owner                    = {icalixto},
  Timestamp                = {2016.06.23},
  Url                      = {http://aclweb.org/anthology/W15-3001}
}

@InProceedings{donahueetal2015,
  Title                    = {{Long-term Recurrent Convolutional Networks for Visual Recognition and Description}},
  Author                   = {Donahue, Jeff and Hendricks, Lisa Anne and Guadarrama, Sergio and Rohrbach, Marcus and Venugopalan, Subhashini and Darrell, Trevor and Saenko, Kate},
  Booktitle                = {Computer Vision and Pattern Recognition (CVPR), 2015 IEEE Conference on},
  Year                     = {2015},
  Pages                    = {2625--2634},
  Address                  = {Boston, US}
}

@InProceedings{venugopalanetal2015,
  Title                    = {{Sequence to Sequence - Video to Text}},
  Author                   = {Venugopalan, Subhashini and Rohrbach, Marcus and Donahue, Jeffrey and Mooney, Raymond and Darrell, Trevor and Saenko, Kate},
  Booktitle                = {Proceedings of the IEEE International Conference on Computer Vision},
  Year                     = {2015},
  Pages                    = {4534--4542},
  Address                  = {Santiago, Chile}
}

@InProceedings{mei2016,
  author = 	"Mei, Hongyuan
		and Bansal, Mohit
		and Walter, Matthew R.",
  title = 	"What to talk about and how? Selective Generation using {LSTM}s with      Coarse-to-Fine Alignment    ",
  booktitle = 	"Proceedings of the 2016 Conference of the North American Chapter of the      Association for Computational Linguistics: Human Language Technologies    ",
  year = 	"2016",
  series = {HLT-NAACL'16},
  publisher = 	"Association for Computational Linguistics",
  pages = 	"720--730",
  address = 	"San Diego, California",
  doi = 	"10.18653/v1/N16-1086",
  url = 	"http://aclanthology.coli.uni-saarland.de/pdf/N/N16/N16-1086.pdf"
}

@InProceedings{sennrich2016b,
  author = 	"Sennrich, Rico
		and Haddow, Barry
		and Birch, Alexandra",
  title = 	"Neural Machine Translation of Rare Words with Subword Units",
  booktitle = 	"Proceedings of the 54th Annual Meeting of the Association for      Computational Linguistics (Volume 1: Long Papers)    ",
  series = {ACL'16},
  year = 	"2016",
  publisher = 	"Association for Computational Linguistics",
  pages = 	"1715--1725",
  address = 	"Berlin, Germany",
  doi = 	"10.18653/v1/P16-1162",
  url = 	"http://www.aclweb.org/anthology/P16-1162"
}

@InProceedings{sennrich2016,
  author = 	"Sennrich, Rico
		and Haddow, Barry
		and Birch, Alexandra",
  title = 	"Edinburgh Neural Machine Translation Systems for WMT 16",
  booktitle = 	"Proceedings of the First Conference on Machine Translation: Volume 2,      Shared Task Papers     ",
  year = 	"2016",
  publisher = 	"Association for Computational Linguistics",
  pages = 	"371--376",
  address = 	"Berlin, Germany",
  doi = 	"10.18653/v1/W16-2323",
  url = 	"http://www.aclweb.org/anthology/W16-2323"
}

@InProceedings{lebret2016,
  author = 	"Lebret, R{\'e}mi
		and Grangier, David
		and Auli, Michael",
  title = 	"Neural Text Generation from Structured Data with Application to the      Biography Domain    ",
  booktitle = 	"Proceedings of the 2016 Conference on Empirical Methods in Natural      Language Processing    ",
  series    = {EMNLP'16},
  year = 	"2016",
  publisher = 	"Association for Computational Linguistics",
  pages = 	"1203--1213",
  address = 	"Austin, Texas",
  doi = 	"10.18653/v1/D16-1128",
  url = 	"http://aclanthology.coli.uni-saarland.de/pdf/D/D16/D16-1128.pdf"
}

@InProceedings{dyer2016,
  author = 	"Dyer, Chris
		and Kuncoro, Adhiguna
		and Ballesteros, Miguel
		and Smith, Noah A.",
  title = 	"Recurrent Neural Network Grammars",
  booktitle = 	"Proceedings of the 2016 Conference of the North American Chapter of the      Association for Computational Linguistics: Human Language Technologies    ",
  year = 	"2016",
  series = {HLT-NAACL'16},
  publisher = 	"Association for Computational Linguistics",
  pages = 	"199--209",
  address = 	"San Diego, California",
  doi = 	"10.18653/v1/N16-1024",
  url = 	"http://www.aclweb.org/anthology/N16-1024"
}

@article{wu2016,
title = {Google's Neural Machine Translation System: Bridging the Gap between Human and Machine Translation},
author  = {Yonghui Wu and Mike Schuster and Zhifeng Chen and Quoc V. Le and Mohammad Norouzi and Wolfgang Macherey and Maxim Krikun and Yuan Cao and Qin Gao and Klaus Macherey and Jeff Klingner and Apurva Shah and Melvin Johnson and Xiaobing Liu and Łukasz Kaiser and Stephan Gouws and Yoshikiyo Kato and Taku Kudo and Hideto Kazawa and Keith Stevens and George Kurian and Nishant Patil and Wei Wang and Cliff Young and Jason Smith and Jason Riesa and Alex Rudnick and Oriol Vinyals and Greg Corrado and Macduff Hughes and Jeffrey Dean},
year  = {2016},
URL = {http://arxiv.org/abs/1609.08144},
journal = {CoRR},
volume  = {abs/1609.08144}
}

@article{bernardi2016,
  author =        {Bernardi, Raffaella and Cakici, Ruket and
                   Elliott, Desmond and Erdem, Aykut and Erdem, Erkut and
                   Ikizler-Cinbis, Nazli and Keller, Frank and
                   Muscat, Adrian and Plank, Barbara},
  journal =       {Journal of Artificial Intelligence Research},
  pages =         {409--442},
  title =         {{Automatic Description Generation from Images: A
                   Survey of Models, Datasets, and Evaluation Measures}},
  volume =        {55},
  year =          {2016},
  url =           {http://arxiv.org/abs/1601.03896},
}

@InProceedings{andreas2016,
  author = 	"Andreas, Jacob
		and Klein, Dan",
  title = 	"Reasoning about Pragmatics with Neural Listeners and Speakers",
  booktitle = 	"Proceedings of the 2016 Conference on Empirical Methods in Natural      Language Processing    ",
  series    = {EMNLP'16},
  year = 	"2016",
  publisher = 	"Association for Computational Linguistics",
  pages = 	"1173--1182",
  address = 	"Austin, Texas",
  doi = 	"10.18653/v1/D16-1125",
  url = 	"http://aclanthology.coli.uni-saarland.de/pdf/D/D16/D16-1125.pdf"
}


@InProceedings{smiley2016,
  author    = {Smiley, Charese  and  Plachouras, Vassilis  and  Schilder, Frank  and  Bretz, Hiroko  and  Leidner, Jochen  and  Song, Dezhao},
  title     = {When to Plummet and When to Soar: Corpus Based Verb Selection for Natural Language Generation},
  booktitle = {Proceedings of the 9th International Natural Language Generation conference},
  month     = {September 5-8},
  series = {INLG'16},
  year      = {2016},
  address   = {Edinburgh, UK},
  publisher = {Association for Computational Linguistics},
  pages     = {36--39},
  url       = {http://anthology.aclweb.org/W16-6606}
}

@InProceedings{gkatzia2016,
  author = 	"Gkatzia, Dimitra
		and Lemon, Oliver
		and Rieser, Verena",
  title = 	"Natural Language Generation enhances human decision-making with uncertain      information    ",
  booktitle = 	"Proceedings of the 54th Annual Meeting of the Association for      Computational Linguistics (Volume 2: Short Papers)    ",
  series = {ACL'16},
  year = 	"2016",
  publisher = 	"Association for Computational Linguistics",
  pages = 	"264--268",
  address = 	"Berlin, Germany",
  doi = 	"10.18653/v1/P16-2043",
  url = 	"http://aclanthology.coli.uni-saarland.de/pdf/P/P16/P16-2043.pdf"
}

@article{bos2016,
 author = {Bos, Johan},
 title = {Expressive Power of Abstract Meaning Representations},
 journal = {Computational Linguistics},
 issue_date = {September 2016},
 volume = {42},
 number = {3},
 month = sep,
 year = {2016},
 issn = {0891-2017},
 pages = {527--535},
 numpages = {9},
 publisher = {MIT Press},
 address = {Cambridge, MA, USA}
}

@InProceedings{baltaretu2016,
  author = 	"Baltaretu, Adriana
		and Castro Ferreira, Thiago",
  title = 	"Task demands and individual variation in referring expressions",
  booktitle = 	"Proceedings of the 9th International Natural Language Generation conference",
  series = {INLG'16},
  year = 	"2016",
  publisher = 	"Association for Computational Linguistics",
  pages = 	"89--93",
  address = 	"Edinburgh, UK",
  doi = 	"10.18653/v1/W16-6615",
  url = 	"http://www.aclweb.org/anthology/W16-6615"
}

@InProceedings{deemter2016,
  author = 	"van Deemter, Kees",
  title = 	"Designing Algorithms for Referring with Proper Names",
  booktitle = 	"Proceedings of the 9th International Natural Language Generation conference",
  year = 	"2016",
  series = {INLG'16},
  publisher = 	"Association for Computational Linguistics",
  pages = 	"31--35",
  address = 	"Edinburgh, UK",
  doi = 	"10.18653/v1/W16-6605",
  url = 	"http://www.aclweb.org/anthology/W16-6605"
}

@InProceedings{ferreira2016a,
  author = 	"Castro Ferreira, Thiago
		and Krahmer, Emiel
		and Wubben, Sander",
  title = 	"Individual Variation in the Choice of Referential Form",
  booktitle = 	"Proceedings of the 2016 Conference of the North American Chapter of the      Association for Computational Linguistics: Human Language Technologies    ",
  year = 	"2016",
  series = {HLT-NAACL'16},
  publisher = 	"Association for Computational Linguistics",
  pages = 	"423--427",
  address = 	"San Diego, California",
  doi = 	"10.18653/v1/N16-1048",
  url = 	"http://www.aclweb.org/anthology/N16-1048"
}

@inproceedings{ferreira2016b,
  title={Towards more variation in text generation: Developing and evaluating variation models for choice of referential form},
  author={Castro Ferreira, Thiago and Krahmer, Emiel and Wubben, Sander},
  booktitle={Proceedings of the 54th Annual Meeting of the Association for Computational Linguistics},
  series = {ACL'16},
  pages={568–-577},
  year={2016},
  address   = {Berlin, Germany},
  publisher = {Association for Computational Linguistics}
}

@InProceedings{ferreira2016c,
  author = 	"Castro Ferreira, Thiago
		and Wubben, Sander
		and Krahmer, Emiel",
  title = 	"Towards proper name generation: a corpus analysis",
  booktitle = 	"Proceedings of the 9th International Natural Language Generation conference",
  year = 	"2016",
  series = {INLG'16},
  publisher = 	"Association for Computational Linguistics",
  pages = 	"222--226",
  address = 	"Edinburgh, UK",
  doi = 	"10.18653/v1/W16-6636",
  url = 	"http://www.aclweb.org/anthology/W16-6636"
}

@InProceedings{flanigan2016,
  author    = {Flanigan, Jeffrey  and  Dyer, Chris  and  Smith, Noah A.  and  Carbonell, Jaime},
  title     = {Generation from Abstract Meaning Representation using Tree Transducers},
  booktitle = {Proceedings of the 2016 Conference of the North American Chapter of the Association for Computational Linguistics: Human Language Technologies},
  series = {HLT-NAACL'16},
  month     = {June},
  year      = {2016},
  address   = {San Diego, California},
  publisher = {Association for Computational Linguistics},
  pages     = {731--739},
  url       = {http://www.aclweb.org/anthology/N16-1087}
}

@InProceedings{pourdamghani2016,
  author    = {Pourdamghani, Nima  and  Knight, Kevin  and  Hermjakob, Ulf},
  title     = {Generating English from Abstract Meaning Representations},
  booktitle = {Proceedings of the 9th International Natural Language Generation conference},
  month     = {September 5-8},
  series    = {INLG'16},
  year      = {2016},
  address   = {Edinburgh, UK},
  publisher = {Association for Computational Linguistics},
  pages     = {21--25},
  url       = {http://anthology.aclweb.org/W16-6603}
}

@InProceedings{song2016,
  author    = {Song, Linfeng  and  Zhang, Yue  and  Peng, Xiaochang  and  Wang, Zhiguo  and  Gildea, Daniel},
  title     = {{AMR}-to-text generation as a Traveling Salesman Problem},
  booktitle = {Proceedings of the 2016 Conference on Empirical Methods in Natural Language Processing},
  series    = {EMNLP'16},
  month     = {November},
  year      = {2016},
  address   = {Austin, Texas},
  publisher = {Association for Computational Linguistics},
  pages     = {2084--2089},
  url       = {https://aclweb.org/anthology/D16-1224}
}

@InProceedings{gal2016,
  Title                    = {{A Theoretically Grounded Application of Dropout in Recurrent Neural Networks}},
  Author                   = {Gal, Yarin and Ghahramani, Zoubin},
  Booktitle                = {Advances in Neural Information Processing Systems, NIPS},
  Year                     = {2016},
  Address                  = {Barcelona, Spain},
  Pages                    = {1019--1027},
  Url                      = {http://papers.nips.cc/paper/6241-a-theoretically-grounded-application-of-dropout-in-recurrent-neural-networks.pdf}
}

@InProceedings{wen2016,
  author = 	"Wen, Tsung-Hsien
		and Ga{\v{s}}i{\'{c}}, Milica
		and Mrk{\v{s}}i{\'{c}}, Nikola
		and Rojas-Barahona, Lina M.
		and Su, Pei-Hao
		and Vandyke, David
		and Young, Steve",
  title = 	"Multi-domain Neural Network Language Generation for Spoken Dialogue Systems",
  booktitle = 	"Proceedings of the 2016 Conference of the North American Chapter of the      Association for Computational Linguistics: Human Language Technologies    ",
  year = 	"2016",
  series = {HLT-NAACL'16},
  publisher = 	"Association for Computational Linguistics",
  pages = 	"120--129",
  address = 	"San Diego, California",
  doi = 	"10.18653/v1/N16-1015",
  url = 	"https://aclanthology.info/pdf/N/N16/N16-1015.pdf"
}

@InProceedings{specia2016,
  author = 	"Specia, Lucia
		and Frank, Stella
		and Sima'an, Khalil
		and Elliott, Desmond",
  title = 	"A Shared Task on Multimodal Machine Translation and Crosslingual Image      Description     ",
  booktitle = 	"Proceedings of the First Conference on Machine Translation: Volume 2,      Shared Task Papers     ",
  year = 	"2016",
  publisher = 	"Association for Computational Linguistics",
  pages = 	"543--553",
  address = 	"Berlin, Germany",
  doi = 	"10.18653/v1/W16-2346",
  url = 	"http://www.aclweb.org/anthology/W16-2346"
}

@article{gatt2017,
  title={Survey of the State of the Art in Natural Language Generation: Core tasks, applications and evaluation},
  author={Gatt, Albert and Krahmer, Emiel},
  journal={Journal of Artificial Intelligence Research},
  volume={61},
  pages={65--170},
  year={2018}
}

@InProceedings{ferreira2017,
  author = 	"Castro Ferreira, Thiago
		and Krahmer, Emiel
		and Wubben, Sander",
  title = 	"Generating flexible proper name references in text: Data, models and evaluation",
  booktitle = 	"Proceedings of the 15th Conference of the European Chapter of the Association for Computational Linguistics: Volume 1, Long Papers",
  year = 	"2017",
  series = {EACL'17},
  publisher = 	"Association for Computational Linguistics",
  pages = 	"655--664",
  address = 	"Valencia, Spain",
  url = 	"http://www.aclweb.org/anthology/E17-1062"
}

@InProceedings{claire2017,
  author = 	"Gardent, Claire
		and Shimorina, Anastasia
		and Narayan, Shashi
		and Perez-Beltrachini, Laura",
  title = 	{Creating Training Corpora for {NLG} Micro-Planners},
  booktitle = 	"Proceedings of the 55th Annual Meeting of the Association for      Computational Linguistics (Volume 1: Long Papers)    ",
  series = {ACL'17},
  year = 	"2017",
  publisher = 	"Association for Computational Linguistics",
  pages = 	"179--188",
  address = 	"Vancouver, Canada",
  doi = 	"10.18653/v1/P17-1017",
  url = 	"http://www.aclweb.org/anthology/P17-1017"
}

@InProceedings{claire2017b,
  author = 	"Gardent, Claire
		and Shimorina, Anastasia
		and Narayan, Shashi
		and Perez-Beltrachini, Laura",
  title = 	"The {WebNLG} Challenge: Generating Text from {RDF} Data",
  booktitle = 	"Proceedings of the 10th International Conference on Natural Language Generation",
  series = {INLG'17},
  year = 	"2017",
  publisher = 	"Association for Computational Linguistics",
  pages = 	"124--133",
  address = 	"Santiago de Compostela, Spain",
  url = 	"http://aclweb.org/anthology/W17-3518"
}


@InProceedings{chisholm2017,
  author = 	"Chisholm, Andrew
		and Radford, Will
		and Hachey, Ben",
  title = 	"Learning to generate one-sentence biographies from Wikidata",
  booktitle = 	"Proceedings of the 15th Conference of the European Chapter of the Association for Computational Linguistics: Volume 1, Long Papers",
  series = {EACL'17},
  year = 	"2017",
  publisher = 	"Association for Computational Linguistics",
  pages = 	"633--642",
  address = 	"Valencia, Spain",
  url = 	"http://aclanthology.coli.uni-saarland.de/pdf/E/E17/E17-1060.pdf"
}

@InProceedings{dong2017,
  author = 	"Dong, Li
		and Huang, Shaohan
		and Wei, Furu
		and Lapata, Mirella
		and Zhou, Ming
		and Xu, Ke",
  title = 	"Learning to Generate Product Reviews from Attributes",
  booktitle = 	"Proceedings of the 15th Conference of the European Chapter of the Association for Computational Linguistics: Volume 1, Long Papers",
  series = {EACL'17},
  year = 	"2017",
  publisher = 	"Association for Computational Linguistics",
  pages = 	"623--632",
  address = 	"Valencia, Spain",
  url = 	"http://aclanthology.coli.uni-saarland.de/pdf/E/E17/E17-1059.pdf"
}

@InProceedings{novikova2017,
  author = 	"Novikova, Jekaterina
		and Du{\v{s}}ek, Ond{\v{r}}ej
		and Cercas Curry, Amanda
		and Rieser, Verena",
  title = 	"Why We Need New Evaluation Metrics for {NLG}",
  booktitle = 	"Proceedings of the 2017 Conference on Empirical Methods in Natural Language Processing",
  series    = {EMNLP'17},
  year = 	"2017",
  publisher = 	"Association for Computational Linguistics",
  pages = 	"2231--2242",
  address = 	"Copenhagen, Denmark",
  url = 	"http://aclweb.org/anthology/D17-1237"
}

@inproceedings{novikova2017b,
  author    = {Jekaterina Novikova and
               Ondrej Dusek and
               Verena Rieser},
  title     = {The {E2E} Dataset: New Challenges For End-to-End Generation},
  booktitle = {Proceedings of the 18th Annual SIGdial Meeting on Discourse and Dialogue},
  address   = {Saarbr{\"{u}}cken, Germany},
  pages     = {201--206},
  year      = {2017},
  url       = {https://aclanthology.info/papers/W17-5525/w17-5525},
  timestamp = {Wed, 03 Jan 2018 15:28:07 +0100},
  biburl    = {http://dblp.org/rec/bib/conf/sigdial/NovikovaDR17},
  bibsource = {dblp computer science bibliography, http://dblp.org}
}

@article{novikova2017c,
  author    = {Jekaterina Novikova and
               Ondrej Dusek and
               Verena Rieser},
  title     = {Data-driven Natural Language Generation: Paving the Road to Success},
  journal   = {CoRR},
  volume    = {abs/1706.09433},
  year      = {2017},
  url       = {http://arxiv.org/abs/1706.09433},
  archivePrefix = {arXiv},
  eprint    = {1706.09433},
  timestamp = {Mon, 03 Jul 2017 13:29:02 +0200},
  biburl    = {https://dblp.org/rec/bib/journals/corr/NovikovaDR17a},
  bibsource = {dblp computer science bibliography, https://dblp.org}
}

@article{dusek2017,
  author    = {Ondrej Dusek and
               Jekaterina Novikova and
               Verena Rieser},
  title     = {Referenceless Quality Estimation for Natural Language Generation},
  journal   = {CoRR},
  volume    = {abs/1708.01759},
  year      = {2017},
  url       = {http://arxiv.org/abs/1708.01759},
  archivePrefix = {arXiv},
  eprint    = {1708.01759},
  timestamp = {Tue, 05 Sep 2017 10:03:46 +0200},
  biburl    = {https://dblp.org/rec/bib/journals/corr/abs-1708-01759},
  bibsource = {dblp computer science bibliography, https://dblp.org}
}

@InProceedings{song2017,
  author = 	"Song, Linfeng
		and Peng, Xiaochang
		and Zhang, Yue
		and Wang, Zhiguo
		and Gildea, Daniel",
  title = 	"{AMR}-to-text Generation with Synchronous Node Replacement Grammar",
  booktitle = 	"Proceedings of the 55th Annual Meeting of the Association for      Computational Linguistics (Volume 2: Short Papers)    ",
  series = {ACL'17},
  year = 	"2017",
  publisher = 	"Association for Computational Linguistics",
  pages = 	"7--13",
  address = 	"Vancouver, Canada",
  doi = 	"10.18653/v1/P17-2002",
  url = 	"http://www.aclweb.org/anthology/P17-2002"
}

@InProceedings{konstas2017,
  author = 	"Konstas, Ioannis
		and Iyer, Srinivasan
		and Yatskar, Mark
		and Choi, Yejin
		and Zettlemoyer, Luke",
  title = 	"Neural {AMR}: Sequence-to-Sequence Models for Parsing and Generation",
  booktitle = 	"Proceedings of the 55th Annual Meeting of the Association for      Computational Linguistics (Volume 1: Long Papers)    ",
  series = {ACL'17},
  year = 	"2017",
  publisher = 	"Association for Computational Linguistics",
  pages = 	"146--157",
  address = 	"Vancouver, Canada",
  doi = 	"10.18653/v1/P17-1014",
  url = 	"http://www.aclweb.org/anthology/P17-1014"
}

@InProceedings{libovicky2017,
  author = 	"Libovick{\'y}, Jind{\v{r}}ich
		and Helcl, Jind{\v{r}}ich",
  title = 	"Attention Strategies for Multi-Source Sequence-to-Sequence Learning",
  booktitle = 	"Proceedings of the 55th Annual Meeting of the Association for      Computational Linguistics (Volume 2: Short Papers)    ",
  series = {ACL'17},
  year = 	"2017",
  publisher = 	"Association for Computational Linguistics",
  pages = 	"196--202",
  address = 	"Vancouver, Canada",
  doi = 	"10.18653/v1/P17-2031",
  url = 	"http://www.aclweb.org/anthology/P17-2031"
}

@ARTICLE{neubig2017,
   author = {{Neubig}, G. and {Dyer}, C. and {Goldberg}, Y. and {Matthews}, A. and
	{Ammar}, W. and {Anastasopoulos}, A. and {Ballesteros}, M. and
	{Chiang}, D. and {Clothiaux}, D. and {Cohn}, T. and {Duh}, K. and
	{Faruqui}, M. and {Gan}, C. and {Garrette}, D. and {Ji}, Y. and
	{Kong}, L. and {Kuncoro}, A. and {Kumar}, G. and {Malaviya}, C. and
	{Michel}, P. and {Oda}, Y. and {Richardson}, M. and {Saphra}, N. and
	{Swayamdipta}, S. and {Yin}, P.},
    title = "{DyNet: The Dynamic Neural Network Toolkit}",
  journal = {ArXiv e-prints},
archivePrefix = "arXiv",
   eprint = {1701.03980},
 primaryClass = "stat.ML",
 keywords = {Statistics - Machine Learning, Computer Science - Computation and Language, Computer Science - Mathematical Software},
     year = 2017,
    month = jan,
   adsurl = {http://adsabs.harvard.edu/abs/2017arXiv170103980N},
  adsnote = {Provided by the SAO/NASA Astrophysics Data System}
}


@InProceedings{ferreira2017b,
  author = 	"Castro Ferreira, Thiago
		and Calixto, Iacer
		and Wubben, Sander
		and Krahmer, Emiel",
  title = 	"Linguistic realisation as machine translation: Comparing different {MT} models for {AMR}-to-text generation",
  booktitle = 	"Proceedings of the 10th International Conference on Natural Language Generation",
  year = 	"2017",
  series = {INLG'17},
  publisher = 	"Association for Computational Linguistics",
  pages = 	"1--10",
  address = 	"Santiago de Compostela, Spain",
  url = 	"http://aclweb.org/anthology/W17-3501"
}

@InProceedings{chris2017,
  author = 	"van der Lee, Chris
		and Krahmer, Emiel
		and Wubben, Sander",
  title = 	"PASS: A Dutch data-to-text system for soccer, targeted towards specific audiences",
  booktitle = 	"Proceedings of the 10th International Conference on Natural Language Generation",
  series = "INLG'2017",
  year = 	"2017",
  publisher = 	"Association for Computational Linguistics",
  pages = 	"95--104",
  address = 	"Santiago de Compostela, Spain",
  url = 	"http://aclweb.org/anthology/W17-3513"
}


@InProceedings{ficler2017,
  author = 	"Ficler, Jessica
		and Goldberg, Yoav",
  title = 	"Controlling Linguistic Style Aspects in Neural Language Generation",
  booktitle = 	"Proceedings of the Workshop on Stylistic Variation",
  year = 	"2017",
  publisher = 	"Association for Computational Linguistics",
  pages = 	"94--104",
  address = 	"Copenhagen, Denmark",
  url = 	"http://aclweb.org/anthology/W17-4912"
}

@ARTICLE{moussallem2017,
   author = {{Moussallem}, D. and {Usbeck}, R. and {R{\"o}der}, M. and {Ngonga Ngomo}, A.-C.
	},
    title = "{{MAG}: A Multilingual, Knowledge-base Agnostic and Deterministic Entity Linking Approach}",
  journal = {ArXiv e-prints},
archivePrefix = "arXiv",
   eprint = {1707.05288},
 primaryClass = "cs.CL",
 keywords = {Computer Science - Computation and Language, I.2.7},
     year = 2017,
    month = jul,
   adsurl = {http://adsabs.harvard.edu/abs/2017arXiv170705288M},
  adsnote = {Provided by the SAO/NASA Astrophysics Data System}
}
