

@article{BrownPPM94,
  title={The mathematics of statistical machine translation: Parameter estimation},
  author={Brown, Peter F and Pietra, Vincent J Della and Pietra, Stephen A Della and Mercer, Robert L},
  journal={Computational linguistics},
  volume={19},
  number={2},
  pages={263--311},
  year={1993},
  publisher={MIT Press}
}
%%%%%%%%%%%%%%%%%%%%%%%%%
% WORD SIMILARITY SETS %%\documentclass{article-hermes}

%%%%%%%%%%%%%%%%%%%%%%%%
% WS-353

@inproceedings{wordsim353,
  title={Placing search in context: The concept revisited},
  author={Finkelstein, Lev and Gabrilovich, Evgeniy and Matias, Yossi and Rivlin, Ehud and Solan, Zach and Wolfman, Gadi and Ruppin, Eytan},
  booktitle={Proceedings of the 10th international conference on World Wide Web},
  pages={406--414},
  year={2001},
  organization={ACM}
}

% MC
@article{miller1991contextual,
  title={Contextual correlates of semantic similarity},
  author={Miller, George A and Charles, Walter G},
  journal={Language and Cognitive Processes},
  volume={6},
  number={1},
  pages={1--28},
  year={1991},
  publisher={Taylor \& Francis}
}

% RG
@article{rubenstein1965contextual,
  title={Contextual correlates of synonymy},
  author={Rubenstein, Herbert and Goodenough, John B},
  journal={Communications of the ACM},
  volume={8},
  number={10},
  pages={627--633},
  year={1965},
  publisher={ACM}
}

% MEN-TR-3k
@article{bruni2014multimodal,
  title={Multimodal distributional semantics},
  author={Bruni, Elia and Tran, Nam-Khanh and Baroni, Marco},
  journal={J. Artif. Intell. Res(JAIR)},
  volume={49},
  pages={1--47},
  year={2014}
}


% YP-130
@book{yang2006verb,
  title={Verb Similarity on the Taxonomy of WordNet},
  author={Yang, Dongqiang and Powers, David MW},
  year={2006},
  publisher={Citeseer}
}

% MTURK 221
@inproceedings{radinsky2011word,
  title={A word at a time: computing word relatedness using temporal semantic analysis},
  author={Radinsky, Kira and Agichtein, Eugene and Gabrilovich, Evgeniy and Markovitch, Shaul},
  booktitle={Proceedings of the 20th International Conference on World Wide Web},
  pages={337--346},
  year={2011},
  organization={ACM}
}

% SimLex 999
@article{hill2014simlex,
  title={Simlex-999: Evaluating semantic models with (genuine) similarity estimation},
  author={Hill, Felix and Reichart, Roi and Korhonen, Anna},
  journal={arXiv preprint arXiv:1408.3456},
  year={2014}
}

% Featurenorms
@article{mcrae2005semantic,
  title={Semantic feature production norms for a large set of living and nonliving things},
  author={McRae, Ken and Cree, George S and Seidenberg, Mark S and McNorgan, Chris},
  journal={Behavior research methods},
  volume={37},
  number={4},
  pages={547--559},
  year={2005},
  publisher={Springer}
}


% Free Association Norms (Concreteness)
@article{nelsonuniversity,
  title={The University of South Florida word association, rhyme, and word fragment norms. 1998 http://www. usf. edu},
  author={Nelson, DL and McEvoy, CL and Schreiber, TA},
  journal={FreeAssociation.[PubMed]},
  year = {1998}
}





%%%%%%% MODELS %%%%%%%%%%%%%%%
% word2vec
@article{mikolov2013efficient,
  title={Efficient estimation of word representations in vector space},
  author={Mikolov, Tomas and Chen, Kai and Corrado, Greg and Dean, Jeffrey},
  journal={arXiv preprint arXiv:1301.3781},
  year={2013}
}

@inproceedings{mikolov2013distributed,
  title={Distributed representations of words and phrases and their compositionality},
  author={Mikolov, Tomas and Sutskever, Ilya and Chen, Kai and Corrado, Greg S and Dean, Jeff},
  booktitle={Advances in Neural Information Processing Systems},
  pages={3111--3119},
  year={2013}
}



@article{louwerse2011symbol,
  title={Symbol interdependency in symbolic and embodied cognition},
  author={Louwerse, Max M},
  journal={Topics in Cognitive Science},
  volume={3},
  number={2},
  pages={273--302},
  year={2011},
  publisher={Wiley Online Library}
}


@inproceedings{turney2011literal,
  title={Literal and metaphorical sense identification through concrete and abstract context},
  author={Turney, Peter D and Neuman, Yair and Assaf, Dan and Cohen, Yohai},
  booktitle={Proceedings of the 2011 Conference on the Empirical Methods in Natural Language Processing},
  pages={680--690},
  year={2011}
}

@article{simonyan2014very,
  title={Very deep convolutional networks for large-scale image recognition},
  author={Simonyan, Karen and Zisserman, Andrew},
  journal={arXiv preprint arXiv:1409.1556},
  year={2014}
}

@article{jia2014caffe,
  Author = {Jia, Yangqing and Shelhamer, Evan and Donahue, Jeff and Karayev, Sergey and Long, Jonathan and Girshick, Ross and Guadarrama, Sergio and Darrell, Trevor},
  Journal = {arXiv preprint arXiv:1408.5093},
  Title = {Caffe: Convolutional architecture for fast feature embedding},
  Year = {2014}
}

%%%%%%%%%%%%%%%%%%%%%%%%%%%%%%%%%%%%%%%
% CROSS-SITUATIONAL WORD LEARNING
%%%%%%%%%%%%%%%%%%%%%%%%%%%%%%%%%%%%%%%

@book{Quine1960,
	Address = {Cambridge, MA},
	Author = {Quine, W.},
	Publisher = {Cambridge University Press},
	Title = {{Word and Object}},
	Year = {1960}}

@incollection{Carey1978,
	author 	= "Susan Carey",
	title 	= "The child as word learner",
	editor  = "M. Halle and J. Bresnan and G. A. Miller",
    booktitle = "Linguistic Theory and Psychological Reality",
    publisher = "The MIT Press",
    year    = "1978",
}

@book{pinker.89,
  author = "Steven Pinker",
  title = "Learnability and Cognition: The Acquisition of Argument Structure",
  year = "1989",
  publisher = "Cambridge, {MA: MIT P}ress",
}

@book{macwhinney.95,
  author = "B. Mac{W}hinney",
  title = "The {CHILDES} Project: Tools for Analyzing Talk",
  publisher = "Hillsdale, {NJ}: {L}awrence {E}rlbaum {A}ssociates",
  year = "1995",
  edition = "second",
}

@inproceedings{yurovsky.yu.08,
	author	= "Daniel Yurovsky and Chen Yu",
	title	= "Mutual Exclusivity in Cross-Situational Learning",
    booktitle = "Proceedings of the 30{\it th} Annual Conference of the Cognitive Science Society",
    year    = "2008",
}

@inproceedings{yurovsky.etal.12,
	author	= "Daniel Yurovsky and Richardo A.H. Bion and Linda B. Smith and Anne Fernald",
	title	= "Mutual Exclusivity and Vocabulary Structure",
    booktitle = "Proceedings of the 34{\it th} Annual Conference of the Cognitive Science Society",
    year    = "2012",
}

@inproceedings{yu.etal.07,
	author	= "Chen Yu and Linda B. Smith and Krystal A. Klein and Richard M. Shiffrin",
	title	= "Hypothesis Testing and Associative Learning in Cross-situational Word Learning: Are They One and the Same?",
	booktitle = "Proceedings of the 29{\it th} Annual Conference of the Cognitive Science Society",
	year	= "2007",
	pages	= "737--742",
}

@article{smith.yu.08,
	author	= "Linda B. Smith and Chen Yu",
	title	= "Infants rapidly learn word--referent mappings via cross-situational statistics",
	journal = "Cognition",
	year	= "2008",
	volume	= "106",
	number	= "3",
	pages	= "1558--1568",
}

@article{yu.smith.07,
	author	= "Chen Yu and Linda B. Smith",
	title	= "Rapid word learning under uncertainty via cross-situational statistics",
	journal = "Psychological Science",
	year	= "2007",
	volume	= "18",
	number	= "5",
	pages	= "414",
}

@article{ksmith.etal.11,
	author	= "Kenny Smith and Andrew D.M. Smith and Richard A. Blythe",
	title	= "Cross-situational Learning: An Experimental Study of Word-Learning Mechanisms",
	journal	= "Cognitive Science: A Multidisciplinary Journal",
	volume	= "35",
	pages	= "480--498",
	year	= "2011",
}

@article{vouloumanos.werker.09,
	author	= "Athena Vouloumanos and Janet F. Werker",
	title	= "Infants' learning of novel words in a stochastic environment",
	year	= "2009",
	journal	= "Developmental Psychology",
	volume	= "45",
	pages	= "1611--1617",
}

@article{vouloumanos.08,
	author	= "Athena Vouloumanos",
	title	= " Fine-grained sensitivity to statistical information in adult word learning",
	year	= "2008",
	journal	= "Cognition",
	volume	= "107",
	pages	= "729--742",
}


@article{yu2007unified,
  title={A unified model of early word learning: Integrating statistical and social cues},
  author={Yu, Chen and Ballard, Dana H},
  journal={Neurocomputing},
  volume={70},
  number={13},
  pages={2149--2165},
  year={2007},
  publisher={Elsevier}
}

%%%%%%%%%%%%%%%%%%%%%%%%%%%%%%%%%%%%%%%
% COMPUTATIONAL COGNITIVE WL MODELS
%%%%%%%%%%%%%%%%%%%%%%%%%%%%%%%%%%%%%%%

@article{siskind.96,
	Author = {Siskind, J M},
	Journal = {Cognition},
	Number = {1-2},
	Pages = {39--91},
	Title = {{A computational study of cross-situational techniques for learning word-to-meaning mappings}},
	Volume = {61},
	Year = {1996},
	}

@article{regier.05,
   author  = "Terry Regier",
   title   = "The emergence of words: Attentional learning in form
and meaning",
   journal = "Cognitive Science: A Multidisciplinary Journal",
   volume  = "29",
   pages   = "819--865",
   year    = "2005",
}

@article{Li.etal.2004,
	author	= "Ping Li and Igor Farkas and Brian Mac{W}hinney",
	title	= "Early lexical development in a self-organizing neural network",
	journal	= "Neural Networks",
	volume	= "17",
	year	= "2004",
	pages	= "1345--1362",
	comment	= "syntactic category learning, lexical confusion, age of acquisition",
}

@article{yu.08,
	author	= "Chen Yu",
	title	= "A Statistical associative account of vocabulary growth in early word learning",
    journal = "Language Learning and Development",
	volume	= "4",
	number	= "1",
	pages	= "32--62",
    year    = "2008",
}

@article{fazly.etal.10csj,
	author	= "Afsaneh Fazly and Afra Alishahi and Suzanen Stevenson",
	title	= "A probabilistic computational model of cross-situational word learning",
	journal	= "Cognitive Science: A Multidisciplinary Journal",
	volume	= "34",
	number	= "6",
	pages	= "1017--1063",
	year	= "2010",
}

@inproceedings{fazly.etal.10,
	author	= "Afsaneh Fazly and Fatemeh Ahmadi-fakhr and Afra Alishahi and Suzanne Stevenson",
	year	= "2010",
	title	= "Cross-situational learning of low frequency words: The role of context familiarity and age of exposure",
	booktitle = "Proceedings of the 32{\it nd} Annual Conference of the Cognitive Science Society",
	pages	= "2615--20",
}

@article{alishahi.etal.12,
	author	= "Afra Alishahi and Afsaneh Fazly and Judith Koehne and Matthew Crocker",
	title	= "Sentence-based attentional mechanisms in word learning: Evidence from a computational model",
	journal	= "Frontiers in Developmental Psychology",
	year	= "2012",
}

@inproceedings{frank.etal.07,
	author  = "Michael C. Frank and Noah D. Goodman and Joshua B. Tenenbaum",
    title   = "A {Bayesian} framework for cross-situational word-learning",
    booktitle = "Advances in Neural Information Processing Systems",
    volume  = "20",
    year    = "2007",
}


@article{frank.etal.09,
    author = {Michael C. Frank and Noah D. Goodman and Joshua B. Tenenbaum},
    title = "Using Speakers' Referential Intentions to Model Early Cross-Situational Word Learning",
    pages = {578--585},
    journal = {Psychological Science},
    volume = {20},
	number	= "5",
    year = {2009}
}

@book{macwhinney2014childes,
  title={The CHILDES Project: Tools for Analyzing Talk, Volume I: Transcription Format and Programs},
  author={MacWhinney, Brian},
  year={2014},
  publisher={Psychology Press}
}

@inproceedings{matusevych2013automatic,
  title={Automatic generation of naturalistic child--adult interaction data},
  author={Matusevych, Yevgen and Alishahi, Afra and Vogt, Paul},
  booktitle={Proceedings of the 35th Annual Meeting of the Cognitive Science Society. Austin, TX: Cognitive Science Society},
  pages={2996--3001},
  year={2013}
}

@inproceedings{beekhuizen2013word,
  title={Word learning in the wild: What natural data can tell us},
  author={Beekhuizen, Barend and Fazly, Afsaneh and Nematzadeh, Aida and Stevenson, Suzanne},
  booktitle={Proceedings of the 35th Annual Meeting of the Cognitive Science Society. Austin, TX: Cognitive Science Society},
  year={2013}
}

@book{fellbaum1998wordnet,
  title={WordNet},
  author={Fellbaum, Christiane},
  year={1998},
  publisher={Wiley Online Library}
}

%%%% CAPTIONING %%%%%
@article{young2014image,
  title={From image descriptions to visual denotations: New similarity metrics for semantic inference over event descriptions},
  author={Young, Peter and Lai, Alice and Hodosh, Micah and Hockenmaier, Julia},
  journal={Transactions of the Association for Computational Linguistics},
  volume={2},
  pages={67--78},
  year={2014}
}



@article{karpathy2014deep,
  title={Deep visual-semantic alignments for generating image descriptions},
  author={Karpathy, Andrej and Fei-Fei, Li},
  journal={arXiv preprint arXiv:1412.2306},
  year={2014}
}

@article{mao2014explain,
  title={Explain images with multimodal recurrent neural networks},
  author={Mao, Junhua and Xu, Wei and Yang, Yi and Wang, Jiang and Yuille, Alan L},
  journal={arXiv preprint arXiv:1410.1090},
  year={2014}
}

@article{kiros2014unifying,
  title={Unifying visual-semantic embeddings with multimodal neural language models},
  author={Kiros, Ryan and Salakhutdinov, Ruslan and Zemel, Richard S},
  journal={arXiv preprint arXiv:1411.2539},
  year={2014}
}
@article{donahue2014long,
  title={Long-term recurrent convolutional networks for visual recognition and description},
  author={Donahue, Jeff and Hendricks, Lisa Anne and Guadarrama, Sergio and Rohrbach, Marcus and Venugopalan, Subhashini and Saenko, Kate and Darrell, Trevor},
  journal={arXiv preprint arXiv:1411.4389},
  year={2014}
}

@article{vinyals2014show,
  title={Show and tell: A neural image caption generator},
  author={Vinyals, Oriol and Toshev, Alexander and Bengio, Samy and Erhan, Dumitru},
  journal={arXiv preprint arXiv:1411.4555},
  year={2014}
}
@article{venugopalan2014translating,
  title={Translating videos to natural language using deep recurrent neural networks},
  author={Venugopalan, Subhashini and Xu, Huijuan and Donahue, Jeff and Rohrbach, Marcus and Mooney, Raymond and Saenko, Kate},
  journal={arXiv preprint arXiv:1412.4729},
  year={2014}
}
@article{chen2014learning,
  title={Learning a recurrent visual representation for image caption generation},
  author={Chen, Xinlei and Zitnick, C Lawrence},
  journal={arXiv preprint arXiv:1411.5654},
  year={2014}
}
@article{fang2014captions,
  title={From captions to visual concepts and back},
  author={Fang, Hao and Gupta, Saurabh and Iandola, Forrest and Srivastava, Rupesh and Deng, Li and Doll{\'a}r, Piotr and Gao, Jianfeng and He, Xiaodong and Mitchell, Margaret and Platt, John and others},
  journal={arXiv preprint arXiv:1411.4952},
  year={2014}
}

@article{ILSVRCarxiv14,
Author = {Olga Russakovsky and Jia Deng and Hao Su and Jonathan Krause and Sanjeev Satheesh and Sean Ma and Zhiheng Huang and Andrej Karpathy and Aditya Khosla and Michael Bernstein and Alexander C. Berg and Li Fei-Fei},
Title = {ImageNet large scale visual recognition challenge},
Year = {2014},
journal = {arXiv preprint arXiv:1409.0575},
}


@inproceedings{deng2009imagenet,
  title={Imagenet: A large-scale hierarchical image database},
  author={Deng, Jia and Dong, Wei and Socher, Richard and Li, Li-Jia and Li, Kai and Fei-Fei, Li},
  booktitle={Computer Vision and Pattern Recognition, 2009. CVPR 2009. IEEE Conference on},
  pages={248--255},
  year={2009},
  organization={IEEE}
}

@inproceedings{alishahi2012concurrent,
  title={Concurrent acquisition of word meaning and lexical categories},
  author={Alishahi, Afra and Chrupa{\l}a, Grzegorz},
  booktitle={Proceedings of the 2012 Joint Conference on Empirical Methods in Natural Language Processing and Computational Natural Language Learning},
  pages={643--654},
  year={2012},
  organization={Association for Computational Linguistics}
}

@article{hochreiter1997long,
  title={Long short-term memory},
  author={Hochreiter, Sepp and Schmidhuber, J{\"u}rgen},
  journal={Neural Computation},
  volume={9},
  number={8},
  pages={1735--1780},
  year={1997},
  publisher={MIT Press}
}

@article{szegedy2014going,
  title={Going deeper with convolutions},
  author={Szegedy, Christian and Liu, Wei and Jia, Yangqing and Sermanet, Pierre and Reed, Scott and Anguelov, Dragomir and Erhan, Dumitru and Vanhoucke, Vincent and Rabinovich, Andrew},
  journal={arXiv preprint arXiv:1409.4842},
  year={2014}
}

@inproceedings{skocaj2011system,
	Author = {Skocaj, Danijel and Kristan, Matej and Vrecko, Alen and Mahnic, Marko and Janicek, Miroslav and Kruijff, Geert-Jan M and Hanheide, Marc and Hawes, Nick and Keller, Thomas and Zillich, Michael and others},
	Booktitle = {Intelligent Robots and Systems (IROS), 2011 IEEE/RSJ International Conference on},
	Organization = {IEEE},
	Pages = {3387--3394},
	Title = {A system for interactive learning in dialogue with a tutor},
	Year = {2011}}

@article{steels2005coordinating,
	Author = {Steels, Luc and Belpaeme, Tony and others},
	Journal = {Behavioral and brain sciences},
	Number = {4},
	Pages = {469--488},
	Publisher = {Cambridge Univ Press},
	Title = {Coordinating perceptually grounded categories through language: A case study for colour},
	Volume = {28},
	Year = {2005}}

@inproceedings{FleischmanRoy2005,
  author = "Michael Fleischman and Deb Roy",
  year = "2005",
  title = "Intentional context in situated language learning",
  booktitle = "9th Conference on Computational Natural Language Learning",
}

%% DATASETS
@inproceedings{rashtchian2010collecting,
  title={Collecting image annotations using Amazon's mechanical turk},
  author={Rashtchian, Cyrus and Young, Peter and Hodosh, Micah and Hockenmaier, Julia},
  booktitle={Proceedings of the NAACL HLT 2010 Workshop on Creating Speech and Language Data with Amazon's Mechanical Turk},
  pages={139--147},
  year={2010},
  organization={Association for Computational Linguistics}
}


%%%%%%%
%COgsci
%%%%%%

@article{recchia2012semantic,
  title={The semantic richness of abstract concepts},
  author={Recchia, Gabriel and Jones, Michael N},
  journal={Frontiers in Human Neuroscience},
  volume={6},
  year={2012},
  publisher={Frontiers Media SA}
}

@article{lazaridou2015combining,
  title={Combining language and vision with a multimodal skip-gram model},
  author={Lazaridou, Angeliki and Pham, Nghia The and Baroni, Marco},
  journal={arXiv preprint arXiv:1501.02598},
  year={2015}
}




%%%%%%%%%%%%%%
Statistics   %
%%%%%%%%%%%%%%


@book{efron1982jackknife,
  title={The Jackknife, the Bootstrap and Other Resampling Plans},
  author={Efron, Bradley},
  volume={38},
  year={1982},
  publisher={SIAM}
}
