@article{gella2017image,
  title={Image Pivoting for Learning Multilingual Multimodal Representations},
  author={Gella, Spandana and Sennrich, Rico and Keller, Frank and Lapata, Mirella},
  journal={arXiv preprint arXiv:1707.07601},
  year={2017}
}

@article{frank_elliott_specia_2018, title={Assessing multilingual multimodal image description: Studies of native speaker preferences and translator choices}, volume={24}, DOI={10.1017/S1351324918000074}, number={3}, journal={Natural Language Engineering}, publisher={Cambridge University Press}, author={Frank, Stella and Elliott, Desmond and Specia, Lucia}, year={2018}, pages={393â€“413}}

@inproceedings{miyazaki2016cross,
  title={Cross-lingual image caption generation},
  author={Miyazaki, Takashi and Shimizu, Nobuyuki},
  booktitle={Proceedings of the 54th Annual Meeting of the Association for Computational Linguistics (Volume 1: Long Papers)},
  volume={1},
  pages={1780--1790},
  year={2016}
}


@article{lee2017fully,
  title={Fully Character-Level Neural Machine Translation without Explicit Segmentation},
  author={Lee, Jason and Cho, Kyunghyun and Hofmann, Thomas},
  journal={Transactions of the Association for Computational Linguistics},
  volume={5},
  pages={365--378},
  year={2017}
}


@article{yoo2017improving,
  title={Improving Visually Grounded Sentence Representations with Self-Attention},
  author={Yoo, Kang Min and Shin, Youhyun and Lee, Sang-goo},
  journal={arXiv preprint arXiv:1712.00609},
  year={2017}
}

@article{li2017improving,
  title={Improving pairwise ranking for multi-label image classification},
  author={Li, Yuncheng and Song, Yale and Luo, Jiebo},
  journal={arXiv preprint arXiv:1704.03135},
  year={2017}
}

@article{faghri2017vse++,
  title={VSE++: Improved Visual-Semantic Embeddings},
  author={Faghri, Fartash and Fleet, David J and Kiros, Jamie Ryan and Fidler, Sanja},
  journal={arXiv preprint arXiv:1707.05612},
  year={2017}
}

@article{wehrmann2018order,
  title={Order embeddings and character-level convolutions for multimodal alignment},
  author={Wehrmann, J{\^o}natas and Mattjie, Anderson and Barros, Rodrigo C},
  journal={Pattern Recognition Letters},
  volume={102},
  pages={15--22},
  year={2018},
  publisher={Elsevier}
}

@inproceedings{li2016adding,
  title={Adding chinese captions to images},
  author={Li, Xirong and Lan, Weiyu and Dong, Jianfeng and Liu, Hailong},
  booktitle={Proceedings of the 2016 ACM on International Conference on Multimedia Retrieval},
  pages={271--275},
  year={2016},
  organization={ACM}
}

@article{zoph2016transfer,
  title={Transfer learning for low-resource neural machine translation},
  author={Zoph, Barret and Yuret, Deniz and May, Jonathan and Knight, Kevin},
  journal={arXiv preprint arXiv:1604.02201},
  year={2016}
}

@article{firat2016multi,
  title={Multi-way, multilingual neural machine translation with a shared attention mechanism},
  author={Firat, Orhan and Cho, Kyunghyun and Bengio, Yoshua},
  journal={arXiv preprint arXiv:1601.01073},
  year={2016}
}

@article{johnson2016google,
  title={Google's multilingual neural machine translation system: enabling zero-shot translation},
  author={Johnson, Melvin and Schuster, Mike and Le, Quoc V and Krikun, Maxim and Wu, Yonghui and Chen, Zhifeng and Thorat, Nikhil and Vi{\'e}gas, Fernanda and Wattenberg, Martin and Corrado, Greg and others},
  journal={arXiv preprint arXiv:1611.04558},
  year={2016}
}

@article{ammar2016many,
  title={Many languages, one parser},
  author={Ammar, Waleed and Mulcaire, George and Ballesteros, Miguel and Dyer, Chris and Smith, Noah A},
  journal={arXiv preprint arXiv:1602.01595},
  year={2016}
}

@inproceedings{daiber2016universal,
  title={Universal Reordering via Linguistic Typology},
  author={Daiber, Joachim and Stanojevi{\'c}, Milo{\v{s}} and Sima'an, Khalil},
  booktitle={Proceedings of COLING 2016, the 26th International Conference on Computational Linguistics: Technical Papers},
  pages={3167--3176},
  year={2016}
}


@article{ostling2016continuous,
  title={Continuous multilinguality with language vectors},
  author={{\"O}stling, Robert and Tiedemann, J{\"o}rg},
  journal={arXiv preprint arXiv:1612.07486},
  year={2016}
}


@article{vendrov2015order,
  title={Order-embeddings of images and language},
  author={Vendrov, Ivan and Kiros, Ryan and Fidler, Sanja and Urtasun, Raquel},
  journal={arXiv preprint arXiv:1511.06361},
  year={2015}
}

@inproceedings{he2016deep,
  title={Deep residual learning for image recognition},
  author={He, Kaiming and Zhang, Xiangyu and Ren, Shaoqing and Sun, Jian},
  booktitle={Proceedings of the IEEE conference on computer vision and pattern recognition},
  pages={770--778},
  year={2016}
}

@inproceedings{deng2009imagenet,
  title={Imagenet: A large-scale hierarchical image database},
  author={Deng, Jia and Dong, Wei and Socher, Richard and Li, Li-Jia and Li, Kai and Fei-Fei, Li},
  booktitle={Computer Vision and Pattern Recognition, 2009. CVPR 2009. IEEE Conference on},
  pages={248--255},
  year={2009},
  organization={IEEE}
}

@InProceedings{specia-EtAl:2016:WMT,
  author    = {Specia, Lucia  and  Frank, Stella  and  Sima'an, Khalil  and  Elliott, Desmond},
  title     = {A Shared Task on Multimodal Machine Translation and Crosslingual Image Description},
  booktitle = {Proceedings of the First Conference on Machine Translation},
  month     = {August},
  year      = {2016},
  address   = {Berlin, Germany},
  publisher = {Association for Computational Linguistics},
  pages     = {543--553},
  url       = {http://www.aclweb.org/anthology/W/W16/W16-2346}
}


@article{chung2014empirical,
  title={Empirical evaluation of gated recurrent neural networks on sequence modeling},
  author={Chung, Junyoung and Gulcehre, Caglar and Cho, KyungHyun and Bengio, Yoshua},
  journal={arXiv preprint arXiv:1412.3555},
  year={2014}
}


@article{elliott2016multi30k,
  title={Multi30k: Multilingual english-german image descriptions},
  author={Elliott, Desmond and Frank, Stella and Sima'an, Khalil and Specia, Lucia},
  journal={arXiv preprint arXiv:1605.00459},
  year={2016}
}

@article{young2014image,
  title={From image descriptions to visual denotations: New similarity metrics for semantic inference over event descriptions},
  author={Young, Peter and Lai, Alice and Hodosh, Micah and Hockenmaier, Julia},
  journal={Transactions of the Association for Computational Linguistics},
  volume={2},
  pages={67--78},
  year={2014}
}

@article{kiela2017learning,
  title={Learning visually grounded sentence representations},
  author={Kiela, Douwe and Conneau, Alexis and Jabri, Allan and Nickel, Maximilian},
  journal={arXiv preprint arXiv:1707.06320},
  year={2017}
}



@article{van2017cross,
  title={Cross-linguistic differences and similarities in image descriptions},
  author={van Miltenburg, Emiel and Elliott, Desmond and Vossen, Piek},
  journal={arXiv preprint arXiv:1707.01736},
  year={2017}
}


@article{bjerva2017tracking,
  title={Tracking Typological Traits of Uralic Languages in Distributed Language Representations},
  author={Bjerva, Johannes and Augenstein, Isabelle},
  journal={arXiv preprint arXiv:1711.05468},
  year={2017}
}



@book{wals,
  address   = {Leipzig},
  editor    = {Matthew S. Dryer and Martin Haspelmath},
  publisher = {Max Planck Institute for Evolutionary Anthropology},
  title     = {WALS Online},
  url       = {http://wals.info/},
  year      = {2013}
}

@article{tsvetkov2016polyglot,
  title={Polyglot neural language models: A case study in cross-lingual phonetic representation learning},
  author={Tsvetkov, Yulia and Sitaram, Sunayana and Faruqui, Manaal and Lample, Guillaume and Littell, Patrick and Mortensen, David and Black, Alan W and Levin, Lori and Dyer, Chris},
  journal={arXiv preprint arXiv:1605.03832},
  year={2016}
}

@book{phoible,
  address   = {Leipzig},
  editor    = {Steven Moran and Daniel McCloy and Richard Wright},
  publisher = {Max Planck Institute for Evolutionary Anthropology},
  title     = {PHOIBLE Online},
  url       = {http://phoible.org/},
  year      = {2014}
}

@book{lewis2009ethnologue,
  title={Ethnologue: Languages of the world},
  author={Lewis, M Paul and Simons, Gary F and Fennig, Charles D and others},
  volume={16},
  year={2009},
  publisher={SIL international Dallas, TX}
}

@inproceedings{naseem2012selective,
  title={Selective sharing for multilingual dependency parsing},
  author={Naseem, Tahira and Barzilay, Regina and Globerson, Amir},
  booktitle={Proceedings of the 50th Annual Meeting of the Association for Computational Linguistics: Long Papers-Volume 1},
  pages={629--637},
  year={2012},
  organization={Association for Computational Linguistics}
}

@inproceedings{deri2016grapheme,
  title={Grapheme-to-phoneme models for (almost) any language},
  author={Deri, Aliya and Knight, Kevin},
  booktitle={Proceedings of the 54th Annual Meeting of the Association for Computational Linguistics (Volume 1: Long Papers)},
  volume={1},
  pages={399--408},
  year={2016}
}

@inproceedings{littell2017uriel,
  title={URIEL and lang2vec: Representing languages as typological, geographical, and phylogenetic vectors},
  author={Littell, Patrick and Mortensen, David R and Lin, Ke and Kairis, Katherine and Turner, Carlisle and Levin, Lori},
  booktitle={Proceedings of the 15th Conference of the European Chapter of the Association for Computational Linguistics: Volume 2, Short Papers},
  volume={2},
  pages={8--14},
  year={2017}
}

@article{kiros2014unifying,
  title={Unifying visual-semantic embeddings with multimodal neural language models},
  author={Kiros, Ryan and Salakhutdinov, Ruslan and Zemel, Richard S},
  journal={arXiv preprint arXiv:1411.2539},
  year={2014}
}

@inproceedings{rohrbach2016grounding,
  title={Grounding of textual phrases in images by reconstruction},
  author={Rohrbach, Anna and Rohrbach, Marcus and Hu, Ronghang and Darrell, Trevor and Schiele, Bernt},
  booktitle={European Conference on Computer Vision},
  pages={817--834},
  year={2016},
  organization={Springer}
}


@article{kadar2017representation,
  title={Representation of linguistic form and function in recurrent neural networks},
  author={K{\'a}d{\'a}r, Akos and Chrupa{\l}a, Grzegorz and Alishahi, Afra},
  journal={Computational Linguistics},
  volume={43},
  number={4},
  pages={761--780},
  year={2017},
  publisher={MIT Press}
}


@article{calixto2017multilingual,
  title={Multilingual Multi-modal Embeddings for Natural Language Processing},
  author={Calixto, Iacer and Liu, Qun and Campbell, Nick},
  journal={arXiv preprint arXiv:1702.01101},
  year={2017}
}

@article{kingma2014adam,
  title={Adam: A method for stochastic optimization},
  author={Kingma, Diederik P and Ba, Jimmy},
  journal={arXiv preprint arXiv:1412.6980},
  year={2014}
}

@article{malaviya2017learning,
  title={Learning language representations for typology prediction},
  author={Malaviya, Chaitanya and Neubig, Graham and Littell, Patrick},
  journal={arXiv preprint arXiv:1707.09569},
  year={2017}
}

@inproceedings{biblio732461325667051835,
  author    = {Jindrich Libovicky and Jindrich Helcl},
  year      = 2017,
  title     = {Attention Strategies for Multi-Source Sequence-to-Sequence Learning},
  booktitle = {Proceedings of the 55th Annual Meeting of the Association for Computational Linguistics (Volume 2: Short Papers)},
  pages     = {196--202},
  publisher = {Association for Computational Linguistics},
  address   = {Stroudsburg, PA, USA},
  isbn      = {978-1-945626-76-0},
}

@inproceedings{elliott2017findings,
  title={Findings of the second shared task on multimodal machine translation and multilingual image description},
  author={Elliott, Desmond and Frank, Stella and Barrault, Lo{\"\i}c and Bougares, Fethi and Specia, Lucia},
  booktitle = {Proceedings of the Second Conference on Machine Translation, Volume 2: Shared Task Papers},
  year={2017},
  pages{215--233},
  address={Copenhagen, Denmark}
}

@inproceedings{barrault2018findings,
  title={Findings of the third shared task on multimodal machine translation and multilingual image description},
  author={Barrault, Lo{\"\i}c and Frank, Stella and Elliott, Desmond and Specia, Lucia},
  booktitle = {Proceedings of the Third Conference on Machine Translation, Volume 2: Shared Task Papers},
  year={2018},
  address={Brussels, Belgium}
  }

@article{harwath2018vision,
  title={Vision as an Interlingua: Learning Multilingual Semantic Embeddings of Untranscribed Speech},
  author={Harwath, David and Chuang, Galen and Glass, James},
  journal={arXiv preprint arXiv:1804.03052},
  year={2018}
}


@inproceedings{karpathy2015deep,
  title={Deep visual-semantic alignments for generating image descriptions},
  author={Karpathy, Andrej and Fei-Fei, Li},
  booktitle={Proceedings of the IEEE conference on computer vision and pattern recognition},
  pages={3128--3137},
  year={2015}
}

@inproceedings{antol2015vqa,
  title={Vqa: Visual question answering},
  author={Antol, Stanislaw and Agrawal, Aishwarya and Lu, Jiasen and Mitchell, Margaret and Batra, Dhruv and Lawrence Zitnick, C and Parikh, Devi},
  booktitle={Proceedings of the IEEE International Conference on Computer Vision},
  pages={2425--2433},
  year={2015}
}


@article{fukui2016multimodal,
  title={Multimodal compact bilinear pooling for visual question answering and visual grounding},
  author={Fukui, Akira and Park, Dong Huk and Yang, Daylen and Rohrbach, Anna and Darrell, Trevor and Rohrbach, Marcus},
  journal={arXiv preprint arXiv:1606.01847},
  year={2016}
}

@inproceedings{jabri2016revisiting,
  title={Revisiting visual question answering baselines},
  author={Jabri, Allan and Joulin, Armand and van der Maaten, Laurens},
  booktitle={European conference on computer vision},
  pages={727--739},
  year={2016},
  organization={Springer}
}

@article{reed2016generative,
  title={Generative adversarial text to image synthesis},
  author={Reed, Scott and Akata, Zeynep and Yan, Xinchen and Logeswaran, Lajanugen and Schiele, Bernt and Lee, Honglak},
  journal={arXiv preprint arXiv:1605.05396},
  year={2016}
}


@article{elliott2017imagination,
  title={Imagination improves multimodal translation},
  author={Elliott, Desmond and K{\'a}d{\'a}r, Akos},
  journal={arXiv preprint arXiv:1705.04350},
  year={2017}
}

@article{baroni2016grounding,
  title={Grounding distributional semantics in the visual world},
  author={Baroni, Marco},
  journal={Language and Linguistics Compass},
  volume={10},
  number={1},
  pages={3--13},
  year={2016},
  publisher={Wiley Online Library}
}

@inproceedings{kiela2014improving,
  title={Improving multi-modal representations using image dispersion: Why less is sometimes more},
  author={Kiela, Douwe and Hill, Felix and Korhonen, Anna and Clark, Stephen},
  booktitle={Proceedings of the 52nd Annual Meeting of the Association for Computational Linguistics (Volume 2: Short Papers)},
  volume={2},
  pages={835--841},
  year={2014}
}

@inproceedings{dolan2004unsupervised,
  title={Unsupervised construction of large paraphrase corpora: Exploiting massively parallel news sources},
  author={Dolan, Bill and Quirk, Chris and Brockett, Chris},
  booktitle={Proceedings of the 20th international conference on Computational Linguistics},
  pages={350},
  year={2004},
  organization={Association for Computational Linguistics}
}

@inproceedings{marelli2014sick,
  title={A SICK cure for the evaluation of compositional distributional semantic models.},
  author={Marelli, Marco and Menini, Stefano and Baroni, Marco and Bentivogli, Luisa and Bernardi, Raffaella and Zamparelli, Roberto and others},
  booktitle={LREC},
  pages={216--223},
  year={2014}
}

@inproceedings{agirre2014semeval,
  title={Semeval-2014 task 10: Multilingual semantic textual similarity},
  author={Agirre, Eneko and Banea, Carmen and Cardie, Claire and Cer, Daniel and Diab, Mona and Gonzalez-Agirre, Aitor and Guo, Weiwei and Mihalcea, Rada and Rigau, German and Wiebe, Janyce},
  booktitle={Proceedings of the 8th international workshop on semantic evaluation (SemEval 2014)},
  pages={81--91},
  year={2014}
}

@inproceedings{agirre2015semeval,
  title={Semeval-2015 task 2: Semantic textual similarity, english, spanish and pilot on interpretability},
  author={Agirre, Eneko and Banea, Carmen and Cardie, Claire and Cer, Daniel and Diab, Mona and Gonzalez-Agirre, Aitor and Guo, Weiwei and Lopez-Gazpio, Inigo and Maritxalar, Montse and Mihalcea, Rada and others},
  booktitle={Proceedings of the 9th international workshop on semantic evaluation (SemEval 2015)},
  pages={252--263},
  year={2015}
}


@article{barsalou2003grounding,
  title={Grounding conceptual knowledge in modality-specific systems},
  author={Barsalou, Lawrence W and Simmons, W Kyle and Barbey, Aron K and Wilson, Christine D},
  journal={Trends in cognitive sciences},
  volume={7},
  number={2},
  pages={84--91},
  year={2003},
  publisher={Elsevier}
}

@book{paivio1990mental,
  title={Mental representations: A dual coding approach},
  author={Paivio, Allan},
  year={1990},
  publisher={Oxford University Press}
}


@article{anderson2017visually,
  title={Visually grounded and textual semantic models differentially decode brain activity associated with concrete and abstract nouns},
  author={Anderson, Andrew J and Kiela, Douwe and Clark, Stephen and Poesio, Massimo},
  journal={Transactions of the Association of Computational Linguistics},
  volume={5},
  number={1},
  pages={17--30},
  year={2017}
}

@inproceedings{vinyals2015show,
  title={Show and tell: A neural image caption generator},
  author={Vinyals, Oriol and Toshev, Alexander and Bengio, Samy and Erhan, Dumitru},
  booktitle={Computer Vision and Pattern Recognition (CVPR), 2015 IEEE Conference on},
  pages={3156--3164},
  year={2015},
  organization={IEEE}
}

@inproceedings{xu2015show,
  title={Show, attend and tell: Neural image caption generation with visual attention},
  author={Xu, Kelvin and Ba, Jimmy and Kiros, Ryan and Cho, Kyunghyun and Courville, Aaron and Salakhudinov, Ruslan and Zemel, Rich and Bengio, Yoshua},
  booktitle={International Conference on Machine Learning},
  pages={2048--2057},
  year={2015}
}


@article{mao2014deep,
  title={Deep captioning with multimodal recurrent neural networks (m-rnn)},
  author={Mao, Junhua and Xu, Wei and Yang, Yi and Wang, Jiang and Huang, Zhiheng and Yuille, Alan},
  journal={arXiv preprint arXiv:1412.6632},
  year={2014}
}


@inproceedings{lin2014microsoft,
  title={Microsoft coco: Common objects in context},
  author={Lin, Tsung-Yi and Maire, Michael and Belongie, Serge and Hays, James and Perona, Pietro and Ramanan, Deva and Doll{\'a}r, Piotr and Zitnick, C Lawrence},
  booktitle={European conference on computer vision},
  pages={740--755},
  year={2014},
  organization={Springer}
}

@InProceedings{P16-1168,
  author = "Miyazaki, Takashi and Shimizu, Nobuyuki",
  title = "Cross-Lingual Image Caption Generation",
  booktitle = "Proceedings of the 54th Annual Meeting of the Association for Computational Linguistics (Volume 1: Long Papers)",
  year = "2016",
  publisher = "Association for Computational Linguistics",
  pages = "1780--1790",
  location = "Berlin, Germany",
  doi = "10.18653/v1/P16-1168",
  url = "http://aclweb.org/anthology/P16-1168"
}

@article{hodosh2013framing,
  title={Framing image description as a ranking task: Data, models and evaluation metrics},
  author={Hodosh, Micah and Young, Peter and Hockenmaier, Julia},
  journal={Journal of Artificial Intelligence Research},
  volume={47},
  pages={853--899},
  year={2013}
}


@article{chung2016character,
  title={A character-level decoder without explicit segmentation for neural machine translation},
  author={Chung, Junyoung and Cho, Kyunghyun and Bengio, Yoshua},
  journal={arXiv preprint arXiv:1603.06147},
  year={2016}
}

@article{nakayama2017zero,
  title={Zero-resource machine translation by multimodal encoder--decoder network with multimedia pivot},
  author={Nakayama, Hideki and Nishida, Noriki},
  journal={Machine Translation},
  volume={31},
  number={1-2},
  pages={49--64},
  year={2017},
  publisher={Springer}
}

@inproceedings{funaki2015image,
  title={Image-mediated learning for zero-shot cross-lingual document retrieval},
  author={Funaki, Ruka and Nakayama, Hideki},
  booktitle={Proceedings of the 2015 Conference on Empirical Methods in Natural Language Processing},
  pages={585--590},
  year={2015}
}

@article{rajendran2015bridge,
  title={Bridge correlational neural networks for multilingual multimodal representation learning},
  author={Rajendran, Janarthanan and Khapra, Mitesh M and Chandar, Sarath and Ravindran, Balaraman},
  journal={arXiv preprint arXiv:1510.03519},
  year={2015}
}



@inproceedings{kiela2014learning,
  title={Learning image embeddings using convolutional neural networks for improved multi-modal semantics},
  author={Kiela, Douwe and Bottou, L{\'e}on},
  booktitle={Proceedings of the 2014 Conference on Empirical Methods in Natural Language Processing (EMNLP)},
  pages={36--45},
  year={2014}
}

@article{lazaridou2015combining,
  title={Combining language and vision with a multimodal skip-gram model},
  author={Lazaridou, Angeliki and Pham, Nghia The and Baroni, Marco},
  journal={arXiv preprint arXiv:1501.02598},
  year={2015}
}


@article{kadar2015learning,
  title={Learning word meanings from images of natural scenes},
  author={K{\'a}d{\'a}r, {\'A}kos and Alishahi, Afra and Chrupa{\l}a, Grzegorz},
  journal={Traitement Automatique des Langues},
  year={2015},
    volume={55},
  number={3},
}

@article{bruni2014multimodal,
  title={Multimodal distributional semantics},
  author={Bruni, Elia and Tran, Nam-Khanh and Baroni, Marco},
  journal={Journal of Artificial Intelligence Research},
  volume={49},
  pages={1--47},
  year={2014}
}

@inproceedings{lazaridou2016multimodal,
  title={Multimodal semantic learning from child-directed input},
  author={Lazaridou, Angeliki and Chrupa{\l}a, Grzegorz and Fern{\'a}ndez, Raquel and Baroni, Marco},
  booktitle={Proceedings of the 2016 Conference of the North American Chapter of the Association for Computational Linguistics: Human Language Technologies},
  pages={387--392},
  year={2016}
}


@article{hill2015simlex,
  title={Simlex-999: Evaluating semantic models with (genuine) similarity estimation},
  author={Hill, Felix and Reichart, Roi and Korhonen, Anna},
  journal={Computational Linguistics},
  volume={41},
  number={4},
  pages={665--695},
  year={2015},
  publisher={MIT Press}
}

@inproceedings{silberer2014learning,
  title={Learning grounded meaning representations with autoencoders},
  author={Silberer, Carina and Lapata, Mirella},
  booktitle={Proceedings of the 52nd Annual Meeting of the Association for Computational Linguistics (Volume 1: Long Papers)},
  volume={1},
  pages={721--732},
  year={2014}
}

@inproceedings{finkelstein2001placing,
  title={Placing search in context: The concept revisited},
  author={Finkelstein, Lev and Gabrilovich, Evgeniy and Matias, Yossi and Rivlin, Ehud and Solan, Zach and Wolfman, Gadi and Ruppin, Eytan},
  booktitle={Proceedings of the 10th international conference on World Wide Web},
  pages={406--414},
  year={2001},
  organization={ACM}
}

@inproceedings{kottur2016visualword2vec,
  title={Visualword2vec (vis-w2v): Learning visually grounded word embeddings using abstract scenes},
  author={Kottur, Satwik and Vedantam, Ramakrishna and Moura, Jos{\'e} MF and Parikh, Devi},
  booktitle={Computer Vision and Pattern Recognition (CVPR), 2016 IEEE Conference on},
  pages={4985--4994},
  year={2016},
  organization={IEEE}
}

@inproceedings{chrupala2015learning,
  title={Learning language through pictures},
  author={Chrupa{\l}a, Grzegorz and K{\'a}d{\'a}r, {\'A}kos and Alishahi, Afra},
  booktitle={Proceedings of the 53rd Annual Meeting of the Association for Computational Linguistics and the 7th International Joint Conference on Natural Language Processing (Volume 2: Short Papers)},
  volume={2},
  pages={112--118},
  year={2015}
}


@inproceedings{kiros2015skip,
  title={Skip-thought vectors},
  author={Kiros, Ryan and Zhu, Yukun and Salakhutdinov, Ruslan R and Zemel, Richard and Urtasun, Raquel and Torralba, Antonio and Fidler, Sanja},
  booktitle={Advances in neural information processing systems},
  pages={3294--3302},
  year={2015}
}


@inproceedings{barman2014code,
  title={Code mixing: A challenge for language identification in the language of social media},
  author={Barman, Utsab and Das, Amitava and Wagner, Joachim and Foster, Jennifer},
  booktitle={Proceedings of the first workshop on computational approaches to code switching},
  pages={13--23},
  year={2014}
}

@inproceedings{peters2017massively,
  title={Massively multilingual neural grapheme-to-phoneme conversion},
  author={Peters, Ben and Dehdari, Jon and van Genabith, Josef},
  booktitle={Proceedings of the First Workshop on Building Linguistically Generalizable NLP Systems},
  pages={19--26},
  year={2017}
}

@inproceedings{deri2016grapheme,
  title={Grapheme-to-phoneme models for (almost) any language},
  author={Deri, Aliya and Knight, Kevin},
  booktitle={Proceedings of the 54th Annual Meeting of the Association for Computational Linguistics (Volume 1: Long Papers)},
  volume={1},
  pages={399--408},
  year={2016}
}



@article{nivre2015universal,
  title={Universal Dependencies 1.2},
  author={Nivre, Joakim and Agi{\'c}, {\v{Z}}eljko and Aranzabe, Maria Jesus and Asahara, Masayuki and Atutxa, Aitziber and Ballesteros, Miguel and Bauer, John and Bengoetxea, Kepa and Bhat, Riyaz Ahmad and Bosco, Cristina and others},
  year={2015},
  publisher={Universal Dependencies Consortium}
}
