@InProceedings{D17-1303,
  author = 	"Gella, Spandana
		and Sennrich, Rico
		and Keller, Frank
		and Lapata, Mirella",
  title = 	"Image Pivoting for Learning Multilingual Multimodal Representations",
  booktitle = 	"Proceedings of the 2017 Conference on Empirical Methods in Natural Language Processing",
  year = 	"2017",
  publisher = 	"Association for Computational Linguistics",
  pages = 	"2839--2845",
  location = 	"Copenhagen, Denmark",
  url = 	"http://aclweb.org/anthology/D17-1303"
}

@article{zipf1949human,
  title={Human behavior and the principle of least effort.},
  author={Zipf, George Kingsley},
  year={1949},
  publisher={addison-wesley press}
}

@inproceedings{frome2013devise,
  title={Devise: A deep visual-semantic embedding model},
  author={Frome, Andrea and Corrado, Greg S and Shlens, Jon and Bengio, Samy and Dean, Jeff and Mikolov, Tomas and others},
  booktitle={Advances in neural information processing systems},
  pages={2121--2129},
  year={2013}
}

@article{quirk2016distant,
  title={Distant supervision for relation extraction beyond the sentence boundary},
  author={Quirk, Chris and Poon, Hoifung},
  journal={arXiv preprint arXiv:1609.04873},
  year={2016}
}

@inproceedings{mintz2009distant,
  title={Distant supervision for relation extraction without labeled data},
  author={Mintz, Mike and Bills, Steven and Snow, Rion and Jurafsky, Dan},
  booktitle={Proceedings of the Joint Conference of the 47th Annual Meeting of the ACL and the 4th International Joint Conference on Natural Language Processing of the AFNLP: Volume 2-Volume 2},
  pages={1003--1011},
  year={2009},
  organization={Association for Computational Linguistics}
}

@article{Huang2017InstanceAwareIA,
  title={Instance-Aware Image and Sentence Matching with Selective Multimodal LSTM},
  author={Yan Huang and Wei Wang and Liang Wang},
  journal={2017 IEEE Conference on Computer Vision and Pattern Recognition (CVPR)},
  year={2017},
  pages={7254-7262}
}

@InProceedings{Lee_2018_ECCV,
author = {Lee, Kuang-Huei and Chen, Xi and Hua, Gang and Hu, Houdong and He, Xiaodong},
title = {Stacked Cross Attention for Image-Text Matching},
booktitle = {The European Conference on Computer Vision (ECCV)},
month = {September},
year = {2018}
}

@article{vendrov2016order,
  title={Order-embeddings of images and language},
  author={Vendrov, Ivan and Kiros, Ryan and Fidler, Sanja and Urtasun, Raquel},
  journal={ICLR},
  year={2016}
}

@article{socher2014grounded,
  title={Grounded compositional semantics for finding and describing images with sentences},
  author={Socher, Richard and Karpathy, Andrej and Le, Quoc V and Manning, Christopher D and Ng, Andrew Y},
  journal={Transactions of the Association for Computational Linguistics},
  volume={2},
  pages={207--218},
  year={2014},
  publisher={MIT Press}
}

@inproceedings{specia2016shared,
  title={A shared task on multimodal machine translation and crosslingual image description},
  author={Specia, Lucia and Frank, Stella and Sima'an, Khalil and Elliott, Desmond},
  booktitle={Proceedings of the First Conference on Machine Translation: Volume 2, Shared Task Papers},
  volume={2},
  pages={543--553},
  year={2016}
}

@article{young2014image,
  title={From image descriptions to visual denotations: New similarity metrics for semantic inference over event descriptions},
  author={Young, Peter and Lai, Alice and Hodosh, Micah and Hockenmaier, Julia},
  journal={Transactions of the Association for Computational Linguistics},
  volume={2},
  pages={67--78},
  year={2014},
  publisher={MIT Press}
}

@article{kingma2014adam,
  title={Adam: A method for stochastic optimization},
  author={Kingma, Diederik P and Ba, Jimmy},
  journal={arXiv preprint arXiv:1412.6980},
  year={2014}
}

@article{hodosh2013framing,
  title={Framing image description as a ranking task: Data, models and evaluation metrics},
  author={Hodosh, Micah and Young, Peter and Hockenmaier, Julia},
  journal={Journal of Artificial Intelligence Research},
  volume={47},
  pages={853--899},
  year={2013}
}

@ARTICLE{2017opennmt,
         year = {2017},
         author = { {Klein}, G. and {Kim}, Y. and {Deng}, Y. 
                    and {Senellart}, J. and {Rush}, A.~M.},
         title = "{OpenNMT: Open-Source Toolkit 
                   for Neural Machine Translation}",
         journal = {ArXiv e-prints},
         eprint = {1701.02810} }

@inproceedings{li2016adding,
  title={Adding chinese captions to images},
  author={Li, Xirong and Lan, Weiyu and Dong, Jianfeng and Liu, Hailong},
  booktitle={Proceedings of the 2016 ACM on International Conference on Multimedia Retrieval},
  pages={271--275},
  year={2016},
  organization={ACM}
}

@article{pulvermuller2005brain,
  title={Brain mechanisms linking language and action},
  author={Pulverm{\"u}ller, Friedemann},
  journal={Nature reviews neuroscience},
  volume={6},
  number={7},
  pages={576},
  year={2005},
  publisher={Nature Publishing Group}
}

@InProceedings{Yoshikawa2017,
  author = 	"Yoshikawa, Yuya
		and Shigeto, Yutaro
		and Takeuchi, Akikazu",
  title     = {STAIR Captions: Constructing a Large-Scale Japanese Image Caption Dataset},
  booktitle = {Proceedings of the 55th Annual Meeting of the Association for Computational Linguistics (Volume 2: Short Papers)},
  month     = {July},
  year      = {2017},
  address   = {Vancouver, Canada},
  publisher = {Association for Computational Linguistics},
  pages     = {417--421},
  url       = {http://www.aclweb.org/anthology/P17-2066}
}

@InProceedings{W16-3210,
  author = 	"Elliott, Desmond
		and Frank, Stella
		and Sima'an, Khalil
		and Specia, Lucia",
  title = 	"Multi30K: Multilingual English-German Image Descriptions",
  booktitle = 	"Proceedings of the 5th Workshop on Vision and Language",
  year = 	"2016",
  publisher = 	"Association for Computational Linguistics",
  pages = 	"70--74",
  location = 	"Berlin, Germany",
  doi = 	"10.18653/v1/W16-3210",
  url = 	"http://www.aclweb.org/anthology/W16-3210"
}

@inproceedings{kadar2018conll,
author = "Á. Kádár and D. Elliott and M-A. Côté and G. Chrupała and A. Alishahi",
title = "Lessons learned in multilingual grounded language learning",
booktitle = "Proceedings of the 21st Conference on Computational Natural Language",
year = "2018"
}

@InProceedings{R17-1020,
  author = 	"Calixto, Iacer
		and Liu, Qun",
  title = 	"Sentence-Level Multilingual Multi-modal Embedding for Natural Language Processing",
  booktitle = 	"Proceedings of the International Conference Recent Advances in Natural Language Processing, RANLP 2017",
  year = 	"2017",
  publisher = 	"INCOMA Ltd.",
  pages = 	"139--148",
  location = 	"Varna, Bulgaria",
  doi = 	"10.26615/978-954-452-049-6_020",
  url = 	"https://doi.org/10.26615/978-954-452-049-6_020"
}

@article{platanios2018contextual,
  title={Contextual Parameter Generation for Universal Neural Machine Translation},
  author={Platanios, Emmanouil Antonios and Sachan, Mrinmaya and Neubig, Graham and Mitchell, Tom},
  journal={arXiv preprint arXiv:1808.08493},
  year={2018}
}

@article{kiela2017learning,
  title={Learning visually grounded sentence representations},
  author={Kiela, Douwe and Conneau, Alexis and Jabri, Allan and Nickel, Maximilian},
  journal={arXiv preprint arXiv:1707.06320},
  year={2017}
}

@inproceedings{rotman2018bridging,
  title={Bridging languages through images with deep partial canonical correlation analysis},
  author={Rotman, Guy and Vuli{\'c}, Ivan and Reichart, Roi},
  booktitle={Proceedings of the 56th Annual Meeting of the Association for Computational Linguistics (Volume 1: Long Papers)},
  volume={1},
  pages={910--921},
  year={2018}
}


@article{rajendran2015bridge,
  title={Bridge correlational neural networks for multilingual multimodal representation learning},
  author={Rajendran, Janarthanan and Khapra, Mitesh M and Chandar, Sarath and Ravindran, Balaraman},
  journal={arXiv preprint arXiv:1510.03519},
  year={2015}
}


@article{hartmann2017limitations,
  title={Limitations of cross-lingual learning from image search},
  author={Hartmann, Mareike and S{\o}gaard, Anders},
  journal={arXiv preprint arXiv:1709.05914},
  year={2017}
}

@inproceedings{kiela2015visual,
  title={Visual bilingual lexicon induction with transferred convnet features},
  author={Kiela, Douwe and Vulic, Ivan and Clark, Stephen},
  booktitle={Proceedings of the 2015 Conference on Empirical Methods in Natural Language Processing (EMNLP 2015)},
  year={2015},
  organization={ACL}
}

@article{faghri2017vse++,
  title={Vse++: Improved visual-semantic embeddings},
  author={Faghri, Fartash and Fleet, David J and Kiros, Jamie Ryan and Fidler, Sanja},
  journal={arXiv preprint arXiv:1707.05612},
  volume={2},
  number={7},
  pages={8},
  year={2017}
}


@inproceedings{nam2017dual,
  title={Dual attention networks for multimodal reasoning and matching},
  author={Nam, Hyeonseob and Ha, Jung-Woo and Kim, Jeonghee},
  booktitle={Proceedings of the IEEE Conference on Computer Vision and Pattern Recognition},
  pages={299--307},
  year={2017}
}

@inproceedings{chrupala2017representations,
  title={Representations of language in a model of visually grounded speech signal},
  author={Chrupa{\l}a, Grzegorz and Gelderloos, Lieke and Alishahi, Afra},
  booktitle={Proceedings of the 55th Annual Meeting of the Association for Computational Linguistics (Volume 1: Long Papers)},
  volume={1},
  pages={613--622},
  year={2017}
}

@inproceedings{cho2014properties,
  title={On the Properties of Neural Machine Translation: Encoder--Decoder Approaches},
  author={Cho, Kyunghyun and van Merrienboer, Bart and Bahdanau, Dzmitry and Bengio, Yoshua},
  booktitle={Proceedings of SSST-8, Eighth Workshop on Syntax, Semantics and Structure in Statistical Translation},
  pages={103--111},
  year={2014}
}

@article{russakovsky2015imagenet,
  title={Imagenet large scale visual recognition challenge},
  author={Russakovsky, Olga and Deng, Jia and Su, Hao and Krause, Jonathan and Satheesh, Sanjeev and Ma, Sean and Huang, Zhiheng and Karpathy, Andrej and Khosla, Aditya and Bernstein, Michael and others},
  journal={International journal of computer vision},
  volume={115},
  number={3},
  pages={211--252},
  year={2015},
  publisher={Springer}
}

@inproceedings{bergsma2011learning,
  title={Learning bilingual lexicons using the visual similarity of labeled web images},
  author={Bergsma, Shane and Van Durme, Benjamin},
  booktitle={IJCAI Proceedings-International Joint Conference on Artificial Intelligence},
  volume={22},
  number={3},
  pages={1764},
  year={2011}
}

@inproceedings{vulic2016multi,
  title={Multi-modal representations for improved bilingual lexicon learning},
  author={Vuli{\'c}, Ivan and Kiela, Douwe and Clark, Stephen and Moens, Marie-Francine},
  booktitle={Proceedings of the 54th Annual Meeting of the Association for Computational Linguistics},
  pages={188--194},
  year={2016},
  organization={ACL}
}


@inproceedings{hewitt2018learning,
  title={Learning Translations via Images with a Massively Multilingual Image Dataset},
  author={Hewitt, John and Ippolito, Daphne and Callahan, Brendan and Kriz, Reno and Wijaya, Derry Tanti and Callison-Burch, Chris},
  booktitle={Proceedings of the 56th Annual Meeting of the Association for Computational Linguistics (Volume 1: Long Papers)},
  volume={1},
  pages={2566--2576},
  year={2018}
}

@article{nakayama2017zero,
  title={Zero-resource machine translation by multimodal encoder--decoder network with multimedia pivot},
  author={Nakayama, Hideki and Nishida, Noriki},
  journal={Machine Translation},
  volume={31},
  number={1-2},
  pages={49--64},
  year={2017},
  publisher={Springer}
}

@article{chen2018zero,
  title={Zero-Resource Neural Machine Translation with Multi-Agent Communication Game},
  author={Chen, Yun and Liu, Yang and Li, Victor OK},
  journal={arXiv preprint arXiv:1802.03116},
  year={2018}
}

@article{lee2017emergent,
  title={Emergent translation in multi-agent communication},
  author={Lee, Jason and Cho, Kyunghyun and Weston, Jason and Kiela, Douwe},
  journal={arXiv preprint arXiv:1710.06922},
  year={2017}
}

@article{hitschler2016multimodal,
  title={Multimodal pivots for image caption translation},
  author={Hitschler, Julian and Schamoni, Shigehiko and Riezler, Stefan},
  journal={arXiv preprint arXiv:1601.03916},
  year={2016}
}


@article{conneau2017word,
  title={Word translation without parallel data},
  author={Conneau, Alexis and Lample, Guillaume and Ranzato, Marc'Aurelio and Denoyer, Ludovic and J{\'e}gou, Herv{\'e}},
  journal={arXiv preprint arXiv:1710.04087},
  year={2017}
}

@inproceedings{radovanovic2010existence,
  title={On the existence of obstinate results in vector space models},
  author={Radovanovi{\'c}, Milos and Nanopoulos, Alexandros and Ivanovi{\'c}, Mirjana},
  booktitle={Proceedings of the 33rd international ACM SIGIR conference on Research and development in information retrieval},
  pages={186--193},
  year={2010},
  organization={ACM}
}

@inproceedings{tomavsev2011influence,
  title={The influence of hubness on nearest-neighbor methods in object recognition},
  author={Toma{\v{s}}ev, Nenad and Brehar, Raluca and Mladeni{\'c}, Dunja and Nedevschi, Sergiu},
  booktitle={2011 IEEE 7th International Conference on Intelligent Computer Communication and Processing},
  pages={367--374},
  year={2011},
  organization={IEEE}
}

@inproceedings{tomavsev2011probabilistic,
  title={A probabilistic approach to nearest-neighbor classification: Naive hubness bayesian knn},
  author={Toma{\v{s}}ev, Nenad and Radovanovic, Milo{\v{s}} and Mladenic, Dunja and Ivanovic, Mirjana},
  booktitle={Proc. 20th ACM Int. Conf. on Information and Knowledge Management (CIKM)},
  pages={2173--2176},
  year={2011}
}

@article{dinu2014improving,
  title={Improving zero-shot learning by mitigating the hubness problem},
  author={Dinu, Georgiana and Lazaridou, Angeliki and Baroni, Marco},
  journal={arXiv preprint arXiv:1412.6568},
  year={2014}
}


@inproceedings{karpathy2015deep,
  title={Deep visual-semantic alignments for generating image descriptions},
  author={Karpathy, Andrej and Fei-Fei, Li},
  booktitle={Proceedings of the IEEE conference on computer vision and pattern recognition},
  pages={3128--3137},
  year={2015}
}

@article{lazaridou2015combining,
  title={Combining language and vision with a multimodal skip-gram model},
  author={Lazaridou, Angeliki and Pham, Nghia The and Baroni, Marco},
  journal={arXiv preprint arXiv:1501.02598},
  year={2015}
}

@article{baroni2016grounding,
  title={Grounding distributional semantics in the visual world},
  author={Baroni, Marco},
  journal={Language and Linguistics Compass},
  volume={10},
  number={1},
  pages={3--13},
  year={2016},
  publisher={Wiley Online Library}
}

@techreport{kiela2017deep,
  title={Deep embodiment: grounding semantics in perceptual modalities},
  author={Kiela, Douwe},
  year={2017},
  institution={University of Cambridge, Computer Laboratory}
}

@inproceedings{elliott2017imagination,
  title={Imagination Improves Multimodal Translation},
  author={Elliott, Desmond and K{\'a}d{\'a}r, {\`A}kos},
  booktitle={Proceedings of the Eighth International Joint Conference on Natural Language Processing (Volume 1: Long Papers)},
  volume={1},
  pages={130--141},
  year={2017}
}


@inproceedings{he2016deep,
  title={Deep residual learning for image recognition},
  author={He, Kaiming and Zhang, Xiangyu and Ren, Shaoqing and Sun, Jian},
  booktitle={Proceedings of the IEEE conference on computer vision and pattern recognition},
  pages={770--778},
  year={2016}
}

@article{DBLP:journals/corr/ChenFLVGDZ15,
  author    = {Xinlei Chen and
               Hao Fang and
               Tsung{-}Yi Lin and
               Ramakrishna Vedantam and
               Saurabh Gupta and
               Piotr Doll{\'{a}}r and
               C. Lawrence Zitnick},
  title     = {Microsoft {COCO} Captions: Data Collection and Evaluation Server},
  journal   = {CoRR},
  volume    = {abs/1504.00325},
  year      = {2015},
  url       = {http://arxiv.org/abs/1504.00325},
  archivePrefix = {arXiv},
  eprint    = {1504.00325},
  timestamp = {Mon, 04 Mar 2019 08:31:20 +0100},
  biburl    = {https://dblp.org/rec/bib/journals/corr/ChenFLVGDZ15},
  bibsource = {dblp computer science bibliography, https://dblp.org}
}